timestamp,symbol,price,volume
2025-06-20T10:00:00Z,RELIANCE,2519.55,339
2025-06-20T10:00:01Z,RELIANCE,2494.69,885
2025-06-20T10:00:02Z,RELIANCE,2517.05,726
2025-06-20T10:00:03Z,RELIANCE,2547.49,386
2025-06-20T10:00:04Z,RELIANCE,2550.82,807
2025-06-20T10:00:05Z,RELIANCE,2568.66,743
2025-06-20T10:00:06Z,RELIANCE,2541.24,389
2025-06-20T10:00:07Z,RELIANCE,2400.05,608
2025-06-20T10:00:08Z,RELIANCE,2578.66,761
2025-06-20T10:00:09Z,RELIANCE,2420.24,766
2025-06-20T10:00:10Z,RELIANCE,2466.09,664
2025-06-20T10:00:11Z,RELIANCE,2591.77,688
2025-06-20T10:00:12Z,RELIANCE,2519.91,465
2025-06-20T10:00:13Z,RELIANCE,2427.26,781
2025-06-20T10:00:14Z,RELIANCE,2466.73,548
2025-06-20T10:00:15Z,RELIANCE,2526.74,834
2025-06-20T10:00:16Z,RELIANCE,2575.7,911
2025-06-20T10:00:17Z,RELIANCE,2476.96,212
2025-06-20T10:00:18Z,RELIANCE,2492.26,583
2025-06-20T10:00:19Z,RELIANCE,2581.63,736
2025-06-20T10:00:20Z,RELIANCE,2547.49,398
2025-06-20T10:00:21Z,RELIANCE,2559.08,945
2025-06-20T10:00:22Z,RELIANCE,2450.72,575
2025-06-20T10:00:23Z,RELIANCE,2401.71,706
2025-06-20T10:00:24Z,RELIANCE,2459.22,927
2025-06-20T10:00:25Z,RELIANCE,2462.45,961
2025-06-20T10:00:26Z,RELIANCE,2485.3,572
2025-06-20T10:00:27Z,RELIANCE,2404.3,303
2025-06-20T10:00:28Z,RELIANCE,2545.95,976
2025-06-20T10:00:29Z,RELIANCE,2521.66,599
2025-06-20T10:00:30Z,RELIANCE,2490.22,956
2025-06-20T10:00:31Z,RELIANCE,2589.23,280
2025-06-20T10:00:32Z,RELIANCE,2510.88,285
2025-06-20T10:00:33Z,RELIANCE,2473.22,976
2025-06-20T10:00:34Z,RELIANCE,2482.88,256
2025-06-20T10:00:35Z,RELIANCE,2512.69,980
2025-06-20T10:00:36Z,RELIANCE,2400.42,274
2025-06-20T10:00:37Z,RELIANCE,2455.47,551
2025-06-20T10:00:38Z,RELIANCE,2523.08,457
2025-06-20T10:00:39Z,RELIANCE,2463.72,615
2025-06-20T10:00:40Z,RELIANCE,2587.88,845
2025-06-20T10:00:41Z,RELIANCE,2471.93,380
2025-06-20T10:00:42Z,RELIANCE,2561.67,585
2025-06-20T10:00:43Z,RELIANCE,2509.06,357
2025-06-20T10:00:44Z,RELIANCE,2435.34,245
2025-06-20T10:00:45Z,RELIANCE,2458.57,862
2025-06-20T10:00:46Z,RELIANCE,2521.34,722
2025-06-20T10:00:47Z,RELIANCE,2426.21,881
2025-06-20T10:00:48Z,RELIANCE,2569.02,279
2025-06-20T10:00:49Z,RELIANCE,2535.35,181
2025-06-20T10:00:50Z,RELIANCE,2550.25,150
2025-06-20T10:00:51Z,RELIANCE,2572.93,209
2025-06-20T10:00:52Z,RELIANCE,2496.59,598
2025-06-20T10:00:53Z,RELIANCE,2430.72,781
2025-06-20T10:00:54Z,RELIANCE,2505.28,926
2025-06-20T10:00:55Z,RELIANCE,2459.2,262
2025-06-20T10:00:56Z,RELIANCE,2549.68,564
2025-06-20T10:00:57Z,RELIANCE,2575.91,885
2025-06-20T10:00:58Z,RELIANCE,2458.9,139
2025-06-20T10:00:59Z,RELIANCE,2499.66,686
2025-06-20T10:01:00Z,RELIANCE,2401.32,549
2025-06-20T10:01:01Z,RELIANCE,2483.34,647
2025-06-20T10:01:02Z,RELIANCE,2458.86,710
2025-06-20T10:01:03Z,RELIANCE,2498.69,725
2025-06-20T10:01:04Z,RELIANCE,2432.2,941
2025-06-20T10:01:05Z,RELIANCE,2581.12,428
2025-06-20T10:01:06Z,RELIANCE,2557.17,810
2025-06-20T10:01:07Z,RELIANCE,2550.97,394
2025-06-20T10:01:08Z,RELIANCE,2491.52,335
2025-06-20T10:01:09Z,RELIANCE,2435.19,136
2025-06-20T10:01:10Z,RELIANCE,2420.07,271
2025-06-20T10:01:11Z,RELIANCE,2480.62,344
2025-06-20T10:01:12Z,RELIANCE,2525.91,557
2025-06-20T10:01:13Z,RELIANCE,2420.19,996
2025-06-20T10:01:14Z,RELIANCE,2581.95,739
2025-06-20T10:01:15Z,RELIANCE,2449.55,555
2025-06-20T10:01:16Z,RELIANCE,2557.88,687
2025-06-20T10:01:17Z,RELIANCE,2512.16,531
2025-06-20T10:01:18Z,RELIANCE,2493.84,366
2025-06-20T10:01:19Z,RELIANCE,2460.3,560
2025-06-20T10:01:20Z,RELIANCE,2475.63,943
2025-06-20T10:01:21Z,RELIANCE,2570.42,525
2025-06-20T10:01:22Z,RELIANCE,2524.19,734
2025-06-20T10:01:23Z,RELIANCE,2542.92,575
2025-06-20T10:01:24Z,RELIANCE,2502.09,692
2025-06-20T10:01:25Z,RELIANCE,2573.58,101
2025-06-20T10:01:26Z,RELIANCE,2517.91,565
2025-06-20T10:01:27Z,RELIANCE,2491.78,131
2025-06-20T10:01:28Z,RELIANCE,2506.79,797
2025-06-20T10:01:29Z,RELIANCE,2522.75,593
2025-06-20T10:01:30Z,RELIANCE,2402.27,934
2025-06-20T10:01:31Z,RELIANCE,2435.05,759
2025-06-20T10:01:32Z,RELIANCE,2517.96,667
2025-06-20T10:01:33Z,RELIANCE,2539.88,651
2025-06-20T10:01:34Z,RELIANCE,2585.29,548
2025-06-20T10:01:35Z,RELIANCE,2427.24,165
2025-06-20T10:01:36Z,RELIANCE,2455.71,989
2025-06-20T10:01:37Z,RELIANCE,2430.31,766
2025-06-20T10:01:38Z,RELIANCE,2423.82,239
2025-06-20T10:01:39Z,RELIANCE,2515.25,722
2025-06-20T10:01:40Z,RELIANCE,2475.57,618
2025-06-20T10:01:41Z,RELIANCE,2426.84,821
2025-06-20T10:01:42Z,RELIANCE,2419.92,295
2025-06-20T10:01:43Z,RELIANCE,2531.2,230
2025-06-20T10:01:44Z,RELIANCE,2467.69,463
2025-06-20T10:01:45Z,RELIANCE,2431.11,601
2025-06-20T10:01:46Z,RELIANCE,2444.43,878
2025-06-20T10:01:47Z,RELIANCE,2508.64,205
2025-06-20T10:01:48Z,RELIANCE,2500.81,606
2025-06-20T10:01:49Z,RELIANCE,2562.81,381
2025-06-20T10:01:50Z,RELIANCE,2473.22,506
2025-06-20T10:01:51Z,RELIANCE,2464.49,618
2025-06-20T10:01:52Z,RELIANCE,2419.81,671
2025-06-20T10:01:53Z,RELIANCE,2515.54,624
2025-06-20T10:01:54Z,RELIANCE,2424.32,661
2025-06-20T10:01:55Z,RELIANCE,2458.86,463
2025-06-20T10:01:56Z,RELIANCE,2533.45,951
2025-06-20T10:01:57Z,RELIANCE,2556.66,242
2025-06-20T10:01:58Z,RELIANCE,2405.65,545
2025-06-20T10:01:59Z,RELIANCE,2465.28,104
2025-06-20T10:02:00Z,RELIANCE,2440.8,248
2025-06-20T10:02:01Z,RELIANCE,2512.75,651
2025-06-20T10:02:02Z,RELIANCE,2491.97,961
2025-06-20T10:02:03Z,RELIANCE,2455.58,615
2025-06-20T10:02:04Z,RELIANCE,2466.18,432
2025-06-20T10:02:05Z,RELIANCE,2416.68,188
2025-06-20T10:02:06Z,RELIANCE,2457.9,474
2025-06-20T10:02:07Z,RELIANCE,2417.12,776
2025-06-20T10:02:08Z,RELIANCE,2495.72,971
2025-06-20T10:02:09Z,RELIANCE,2541.03,395
2025-06-20T10:02:10Z,RELIANCE,2557.77,819
2025-06-20T10:02:11Z,RELIANCE,2420.41,183
2025-06-20T10:02:12Z,RELIANCE,2448.74,688
2025-06-20T10:02:13Z,RELIANCE,2476.74,168
2025-06-20T10:02:14Z,RELIANCE,2569.1,797
2025-06-20T10:02:15Z,RELIANCE,2526.08,312
2025-06-20T10:02:16Z,RELIANCE,2587.21,823
2025-06-20T10:02:17Z,RELIANCE,2561.4,724
2025-06-20T10:02:18Z,RELIANCE,2402.59,829
2025-06-20T10:02:19Z,RELIANCE,2464.55,494
2025-06-20T10:02:20Z,RELIANCE,2410.08,629
2025-06-20T10:02:21Z,RELIANCE,2429.11,556
2025-06-20T10:02:22Z,RELIANCE,2542.44,221
2025-06-20T10:02:23Z,RELIANCE,2564.15,103
2025-06-20T10:02:24Z,RELIANCE,2548.84,812
2025-06-20T10:02:25Z,RELIANCE,2481.97,934
2025-06-20T10:02:26Z,RELIANCE,2434.77,158
2025-06-20T10:02:27Z,RELIANCE,2410.53,216
2025-06-20T10:02:28Z,RELIANCE,2547.9,101
2025-06-20T10:02:29Z,RELIANCE,2597.26,358
2025-06-20T10:02:30Z,RELIANCE,2598.49,804
2025-06-20T10:02:31Z,RELIANCE,2478.4,250
2025-06-20T10:02:32Z,RELIANCE,2518.61,664
2025-06-20T10:02:33Z,RELIANCE,2592.81,638
2025-06-20T10:02:34Z,RELIANCE,2403.62,860
2025-06-20T10:02:35Z,RELIANCE,2467.19,686
2025-06-20T10:02:36Z,RELIANCE,2505.42,587
2025-06-20T10:02:37Z,RELIANCE,2403.35,586
2025-06-20T10:02:38Z,RELIANCE,2448.17,237
2025-06-20T10:02:39Z,RELIANCE,2559.85,415
2025-06-20T10:02:40Z,RELIANCE,2435.31,168
2025-06-20T10:02:41Z,RELIANCE,2536.32,676
2025-06-20T10:02:42Z,RELIANCE,2481.1,264
2025-06-20T10:02:43Z,RELIANCE,2581.47,326
2025-06-20T10:02:44Z,RELIANCE,2404.17,455
2025-06-20T10:02:45Z,RELIANCE,2585.62,735
2025-06-20T10:02:46Z,RELIANCE,2413.53,759
2025-06-20T10:02:47Z,RELIANCE,2455.36,251
2025-06-20T10:02:48Z,RELIANCE,2568.4,624
2025-06-20T10:02:49Z,RELIANCE,2405.92,220
2025-06-20T10:02:50Z,RELIANCE,2474.21,252
2025-06-20T10:02:51Z,RELIANCE,2588.78,763
2025-06-20T10:02:52Z,RELIANCE,2543.5,934
2025-06-20T10:02:53Z,RELIANCE,2431.64,157
2025-06-20T10:02:54Z,RELIANCE,2581.36,520
2025-06-20T10:02:55Z,RELIANCE,2524.4,619
2025-06-20T10:02:56Z,RELIANCE,2427.32,961
2025-06-20T10:02:57Z,RELIANCE,2544.8,948
2025-06-20T10:02:58Z,RELIANCE,2583.89,175
2025-06-20T10:02:59Z,RELIANCE,2416.95,243
2025-06-20T10:03:00Z,RELIANCE,2480.07,928
2025-06-20T10:03:01Z,RELIANCE,2464.07,882
2025-06-20T10:03:02Z,RELIANCE,2533.7,297
2025-06-20T10:03:03Z,RELIANCE,2591.74,329
2025-06-20T10:03:04Z,RELIANCE,2457.29,407
2025-06-20T10:03:05Z,RELIANCE,2432.1,949
2025-06-20T10:03:06Z,RELIANCE,2467.39,112
2025-06-20T10:03:07Z,RELIANCE,2531.07,902
2025-06-20T10:03:08Z,RELIANCE,2481.75,246
2025-06-20T10:03:09Z,RELIANCE,2425.22,549
2025-06-20T10:03:10Z,RELIANCE,2455.4,856
2025-06-20T10:03:11Z,RELIANCE,2443.28,152
2025-06-20T10:03:12Z,RELIANCE,2527.43,854
2025-06-20T10:03:13Z,RELIANCE,2486.53,936
2025-06-20T10:03:14Z,RELIANCE,2589.45,802
2025-06-20T10:03:15Z,RELIANCE,2545.76,349
2025-06-20T10:03:16Z,RELIANCE,2449.52,683
2025-06-20T10:03:17Z,RELIANCE,2442.9,685
2025-06-20T10:03:18Z,RELIANCE,2477.74,901
2025-06-20T10:03:19Z,RELIANCE,2564.53,306
2025-06-20T10:03:20Z,RELIANCE,2523.64,361
2025-06-20T10:03:21Z,RELIANCE,2510.22,317
2025-06-20T10:03:22Z,RELIANCE,2544.91,481
2025-06-20T10:03:23Z,RELIANCE,2491.39,604
2025-06-20T10:03:24Z,RELIANCE,2484.93,918
2025-06-20T10:03:25Z,RELIANCE,2513.9,345
2025-06-20T10:03:26Z,RELIANCE,2559.24,326
2025-06-20T10:03:27Z,RELIANCE,2517.36,818
2025-06-20T10:03:28Z,RELIANCE,2445.22,292
2025-06-20T10:03:29Z,RELIANCE,2591.73,883
2025-06-20T10:03:30Z,RELIANCE,2564.15,866
2025-06-20T10:03:31Z,RELIANCE,2534.95,314
2025-06-20T10:03:32Z,RELIANCE,2517.53,977
2025-06-20T10:03:33Z,RELIANCE,2505.98,636
2025-06-20T10:03:34Z,RELIANCE,2464.46,354
2025-06-20T10:03:35Z,RELIANCE,2463.14,429
2025-06-20T10:03:36Z,RELIANCE,2471.3,526
2025-06-20T10:03:37Z,RELIANCE,2552.8,115
2025-06-20T10:03:38Z,RELIANCE,2557.11,414
2025-06-20T10:03:39Z,RELIANCE,2460.76,259
2025-06-20T10:03:40Z,RELIANCE,2479.81,294
2025-06-20T10:03:41Z,RELIANCE,2470.9,599
2025-06-20T10:03:42Z,RELIANCE,2485.13,769
2025-06-20T10:03:43Z,RELIANCE,2579.72,537
2025-06-20T10:03:44Z,RELIANCE,2476.8,660
2025-06-20T10:03:45Z,RELIANCE,2594.29,897
2025-06-20T10:03:46Z,RELIANCE,2460.17,261
2025-06-20T10:03:47Z,RELIANCE,2408.85,552
2025-06-20T10:03:48Z,RELIANCE,2523.21,983
2025-06-20T10:03:49Z,RELIANCE,2415.94,424
2025-06-20T10:03:50Z,RELIANCE,2446.29,925
2025-06-20T10:03:51Z,RELIANCE,2420.18,866
2025-06-20T10:03:52Z,RELIANCE,2541.37,334
2025-06-20T10:03:53Z,RELIANCE,2434.96,110
2025-06-20T10:03:54Z,RELIANCE,2407.34,193
2025-06-20T10:03:55Z,RELIANCE,2438.92,702
2025-06-20T10:03:56Z,RELIANCE,2450.6,856
2025-06-20T10:03:57Z,RELIANCE,2531.17,960
2025-06-20T10:03:58Z,RELIANCE,2548.07,607
2025-06-20T10:03:59Z,RELIANCE,2579.85,963
2025-06-20T10:04:00Z,RELIANCE,2475.16,470
2025-06-20T10:04:01Z,RELIANCE,2446.96,751
2025-06-20T10:04:02Z,RELIANCE,2494.8,870
2025-06-20T10:04:03Z,RELIANCE,2456.9,736
2025-06-20T10:04:04Z,RELIANCE,2468.09,629
2025-06-20T10:04:05Z,RELIANCE,2513.11,282
2025-06-20T10:04:06Z,RELIANCE,2588.61,792
2025-06-20T10:04:07Z,RELIANCE,2583.34,981
2025-06-20T10:04:08Z,RELIANCE,2403.93,897
2025-06-20T10:04:09Z,RELIANCE,2431.14,438
2025-06-20T10:04:10Z,RELIANCE,2518.06,174
2025-06-20T10:04:11Z,RELIANCE,2442.69,485
2025-06-20T10:04:12Z,RELIANCE,2537.81,396
2025-06-20T10:04:13Z,RELIANCE,2509.08,582
2025-06-20T10:04:14Z,RELIANCE,2406.64,548
2025-06-20T10:04:15Z,RELIANCE,2444.56,873
2025-06-20T10:04:16Z,RELIANCE,2471.44,896
2025-06-20T10:04:17Z,RELIANCE,2428.03,526
2025-06-20T10:04:18Z,RELIANCE,2406.05,721
2025-06-20T10:04:19Z,RELIANCE,2531.27,316
2025-06-20T10:04:20Z,RELIANCE,2464.25,151
2025-06-20T10:04:21Z,RELIANCE,2477.31,255
2025-06-20T10:04:22Z,RELIANCE,2528.41,699
2025-06-20T10:04:23Z,RELIANCE,2411.42,653
2025-06-20T10:04:24Z,RELIANCE,2404.11,340
2025-06-20T10:04:25Z,RELIANCE,2505.31,547
2025-06-20T10:04:26Z,RELIANCE,2441.94,319
2025-06-20T10:04:27Z,RELIANCE,2542.55,234
2025-06-20T10:04:28Z,RELIANCE,2440.76,603
2025-06-20T10:04:29Z,RELIANCE,2427.97,364
2025-06-20T10:04:30Z,RELIANCE,2565.71,212
2025-06-20T10:04:31Z,RELIANCE,2545.48,664
2025-06-20T10:04:32Z,RELIANCE,2556.98,531
2025-06-20T10:04:33Z,RELIANCE,2462.79,432
2025-06-20T10:04:34Z,RELIANCE,2417.69,409
2025-06-20T10:04:35Z,RELIANCE,2553.11,133
2025-06-20T10:04:36Z,RELIANCE,2474.43,481
2025-06-20T10:04:37Z,RELIANCE,2593.07,173
2025-06-20T10:04:38Z,RELIANCE,2587.8,162
2025-06-20T10:04:39Z,RELIANCE,2512.25,907
2025-06-20T10:04:40Z,RELIANCE,2533.2,262
2025-06-20T10:04:41Z,RELIANCE,2418.52,667
2025-06-20T10:04:42Z,RELIANCE,2404.08,1000
2025-06-20T10:04:43Z,RELIANCE,2481.34,803
2025-06-20T10:04:44Z,RELIANCE,2551.68,820
2025-06-20T10:04:45Z,RELIANCE,2570.29,221
2025-06-20T10:04:46Z,RELIANCE,2434.2,267
2025-06-20T10:04:47Z,RELIANCE,2416.44,738
2025-06-20T10:04:48Z,RELIANCE,2402.66,231
2025-06-20T10:04:49Z,RELIANCE,2409.62,708
2025-06-20T10:04:50Z,RELIANCE,2497.46,499
2025-06-20T10:04:51Z,RELIANCE,2463.07,282
2025-06-20T10:04:52Z,RELIANCE,2561.28,706
2025-06-20T10:04:53Z,RELIANCE,2511.01,376
2025-06-20T10:04:54Z,RELIANCE,2451.97,558
2025-06-20T10:04:55Z,RELIANCE,2438.04,435
2025-06-20T10:04:56Z,RELIANCE,2587.32,954
2025-06-20T10:04:57Z,RELIANCE,2433.77,168
2025-06-20T10:04:58Z,RELIANCE,2541.73,792
2025-06-20T10:04:59Z,RELIANCE,2456.3,502
2025-06-20T10:05:00Z,RELIANCE,2528.94,525
2025-06-20T10:05:01Z,RELIANCE,2549.41,344
2025-06-20T10:05:02Z,RELIANCE,2435.45,499
2025-06-20T10:05:03Z,RELIANCE,2402.12,188
2025-06-20T10:05:04Z,RELIANCE,2533.77,760
2025-06-20T10:05:05Z,RELIANCE,2578.91,485
2025-06-20T10:05:06Z,RELIANCE,2447.15,373
2025-06-20T10:05:07Z,RELIANCE,2419.14,502
2025-06-20T10:05:08Z,RELIANCE,2561.4,309
2025-06-20T10:05:09Z,RELIANCE,2449.87,329
2025-06-20T10:05:10Z,RELIANCE,2512.36,477
2025-06-20T10:05:11Z,RELIANCE,2463.91,454
2025-06-20T10:05:12Z,RELIANCE,2478.27,897
2025-06-20T10:05:13Z,RELIANCE,2415.32,308
2025-06-20T10:05:14Z,RELIANCE,2426.88,911
2025-06-20T10:05:15Z,RELIANCE,2422.45,246
2025-06-20T10:05:16Z,RELIANCE,2545.38,854
2025-06-20T10:05:17Z,RELIANCE,2496.04,954
2025-06-20T10:05:18Z,RELIANCE,2556.41,737
2025-06-20T10:05:19Z,RELIANCE,2536.25,868
2025-06-20T10:05:20Z,RELIANCE,2467.11,844
2025-06-20T10:05:21Z,RELIANCE,2506.81,350
2025-06-20T10:05:22Z,RELIANCE,2474.3,536
2025-06-20T10:05:23Z,RELIANCE,2418.62,947
2025-06-20T10:05:24Z,RELIANCE,2468.66,265
2025-06-20T10:05:25Z,RELIANCE,2428.68,209
2025-06-20T10:05:26Z,RELIANCE,2521.35,815
2025-06-20T10:05:27Z,RELIANCE,2415.79,696
2025-06-20T10:05:28Z,RELIANCE,2535.23,234
2025-06-20T10:05:29Z,RELIANCE,2488.96,155
2025-06-20T10:05:30Z,RELIANCE,2537.34,856
2025-06-20T10:05:31Z,RELIANCE,2511.31,212
2025-06-20T10:05:32Z,RELIANCE,2488.63,888
2025-06-20T10:05:33Z,RELIANCE,2518.07,655
2025-06-20T10:05:34Z,RELIANCE,2454.17,975
2025-06-20T10:05:35Z,RELIANCE,2502.6,718
2025-06-20T10:05:36Z,RELIANCE,2415.11,187
2025-06-20T10:05:37Z,RELIANCE,2498.38,635
2025-06-20T10:05:38Z,RELIANCE,2541.57,367
2025-06-20T10:05:39Z,RELIANCE,2528.36,765
2025-06-20T10:05:40Z,RELIANCE,2447.79,317
2025-06-20T10:05:41Z,RELIANCE,2538.35,823
2025-06-20T10:05:42Z,RELIANCE,2532.43,795
2025-06-20T10:05:43Z,RELIANCE,2432.73,497
2025-06-20T10:05:44Z,RELIANCE,2468.07,550
2025-06-20T10:05:45Z,RELIANCE,2502.05,515
2025-06-20T10:05:46Z,RELIANCE,2522.42,741
2025-06-20T10:05:47Z,RELIANCE,2517.78,618
2025-06-20T10:05:48Z,RELIANCE,2569.83,680
2025-06-20T10:05:49Z,RELIANCE,2459.3,938
2025-06-20T10:05:50Z,RELIANCE,2598.95,413
2025-06-20T10:05:51Z,RELIANCE,2481.06,389
2025-06-20T10:05:52Z,RELIANCE,2568.85,395
2025-06-20T10:05:53Z,RELIANCE,2568.8,735
2025-06-20T10:05:54Z,RELIANCE,2414.41,523
2025-06-20T10:05:55Z,RELIANCE,2599.25,680
2025-06-20T10:05:56Z,RELIANCE,2503.58,500
2025-06-20T10:05:57Z,RELIANCE,2483.72,596
2025-06-20T10:05:58Z,RELIANCE,2599.95,551
2025-06-20T10:05:59Z,RELIANCE,2431.76,757
2025-06-20T10:06:00Z,RELIANCE,2431.39,265
2025-06-20T10:06:01Z,RELIANCE,2464.52,726
2025-06-20T10:06:02Z,RELIANCE,2530.42,267
2025-06-20T10:06:03Z,RELIANCE,2455.85,521
2025-06-20T10:06:04Z,RELIANCE,2580.33,322
2025-06-20T10:06:05Z,RELIANCE,2529.57,574
2025-06-20T10:06:06Z,RELIANCE,2433.86,159
2025-06-20T10:06:07Z,RELIANCE,2582.7,913
2025-06-20T10:06:08Z,RELIANCE,2556.56,972
2025-06-20T10:06:09Z,RELIANCE,2532.31,395
2025-06-20T10:06:10Z,RELIANCE,2446.84,717
2025-06-20T10:06:11Z,RELIANCE,2533.39,223
2025-06-20T10:06:12Z,RELIANCE,2549.09,639
2025-06-20T10:06:13Z,RELIANCE,2587.43,378
2025-06-20T10:06:14Z,RELIANCE,2498.35,728
2025-06-20T10:06:15Z,RELIANCE,2538.94,842
2025-06-20T10:06:16Z,RELIANCE,2558.48,420
2025-06-20T10:06:17Z,RELIANCE,2426.91,896
2025-06-20T10:06:18Z,RELIANCE,2490.06,164
2025-06-20T10:06:19Z,RELIANCE,2421.55,242
2025-06-20T10:06:20Z,RELIANCE,2597.58,352
2025-06-20T10:06:21Z,RELIANCE,2594.08,865
2025-06-20T10:06:22Z,RELIANCE,2574.75,398
2025-06-20T10:06:23Z,RELIANCE,2552.05,100
2025-06-20T10:06:24Z,RELIANCE,2543.24,581
2025-06-20T10:06:25Z,RELIANCE,2499.52,538
2025-06-20T10:06:26Z,RELIANCE,2481.86,961
2025-06-20T10:06:27Z,RELIANCE,2549.81,174
2025-06-20T10:06:28Z,RELIANCE,2592.86,313
2025-06-20T10:06:29Z,RELIANCE,2412.68,524
2025-06-20T10:06:30Z,RELIANCE,2593.5,291
2025-06-20T10:06:31Z,RELIANCE,2570.3,380
2025-06-20T10:06:32Z,RELIANCE,2597.68,178
2025-06-20T10:06:33Z,RELIANCE,2527.76,510
2025-06-20T10:06:34Z,RELIANCE,2521.69,782
2025-06-20T10:06:35Z,RELIANCE,2489.16,191
2025-06-20T10:06:36Z,RELIANCE,2598.18,847
2025-06-20T10:06:37Z,RELIANCE,2467.47,206
2025-06-20T10:06:38Z,RELIANCE,2489.15,938
2025-06-20T10:06:39Z,RELIANCE,2419.95,446
2025-06-20T10:06:40Z,RELIANCE,2514.2,515
2025-06-20T10:06:41Z,RELIANCE,2553.42,478
2025-06-20T10:06:42Z,RELIANCE,2495.47,963
2025-06-20T10:06:43Z,RELIANCE,2509.03,172
2025-06-20T10:06:44Z,RELIANCE,2536.78,784
2025-06-20T10:06:45Z,RELIANCE,2496.13,634
2025-06-20T10:06:46Z,RELIANCE,2459.42,766
2025-06-20T10:06:47Z,RELIANCE,2411.0,799
2025-06-20T10:06:48Z,RELIANCE,2589.14,491
2025-06-20T10:06:49Z,RELIANCE,2590.39,713
2025-06-20T10:06:50Z,RELIANCE,2536.95,934
2025-06-20T10:06:51Z,RELIANCE,2528.92,146
2025-06-20T10:06:52Z,RELIANCE,2427.2,558
2025-06-20T10:06:53Z,RELIANCE,2501.48,982
2025-06-20T10:06:54Z,RELIANCE,2442.76,437
2025-06-20T10:06:55Z,RELIANCE,2559.84,150
2025-06-20T10:06:56Z,RELIANCE,2420.26,133
2025-06-20T10:06:57Z,RELIANCE,2562.44,488
2025-06-20T10:06:58Z,RELIANCE,2508.74,902
2025-06-20T10:06:59Z,RELIANCE,2452.33,375
2025-06-20T10:07:00Z,RELIANCE,2544.11,505
2025-06-20T10:07:01Z,RELIANCE,2486.79,303
2025-06-20T10:07:02Z,RELIANCE,2578.89,981
2025-06-20T10:07:03Z,RELIANCE,2514.66,160
2025-06-20T10:07:04Z,RELIANCE,2557.43,770
2025-06-20T10:07:05Z,RELIANCE,2482.54,413
2025-06-20T10:07:06Z,RELIANCE,2549.23,418
2025-06-20T10:07:07Z,RELIANCE,2547.82,682
2025-06-20T10:07:08Z,RELIANCE,2505.43,823
2025-06-20T10:07:09Z,RELIANCE,2452.33,195
2025-06-20T10:07:10Z,RELIANCE,2496.74,617
2025-06-20T10:07:11Z,RELIANCE,2581.59,504
2025-06-20T10:07:12Z,RELIANCE,2491.02,863
2025-06-20T10:07:13Z,RELIANCE,2477.41,788
2025-06-20T10:07:14Z,RELIANCE,2587.13,118
2025-06-20T10:07:15Z,RELIANCE,2576.31,122
2025-06-20T10:07:16Z,RELIANCE,2452.9,112
2025-06-20T10:07:17Z,RELIANCE,2524.76,970
2025-06-20T10:07:18Z,RELIANCE,2403.62,687
2025-06-20T10:07:19Z,RELIANCE,2588.23,663
2025-06-20T10:07:20Z,RELIANCE,2536.08,493
2025-06-20T10:07:21Z,RELIANCE,2450.65,708
2025-06-20T10:07:22Z,RELIANCE,2566.04,826
2025-06-20T10:07:23Z,RELIANCE,2494.66,626
2025-06-20T10:07:24Z,RELIANCE,2417.6,976
2025-06-20T10:07:25Z,RELIANCE,2512.74,375
2025-06-20T10:07:26Z,RELIANCE,2554.6,848
2025-06-20T10:07:27Z,RELIANCE,2417.86,605
2025-06-20T10:07:28Z,RELIANCE,2453.9,322
2025-06-20T10:07:29Z,RELIANCE,2422.09,886
2025-06-20T10:07:30Z,RELIANCE,2415.17,276
2025-06-20T10:07:31Z,RELIANCE,2575.41,477
2025-06-20T10:07:32Z,RELIANCE,2503.52,680
2025-06-20T10:07:33Z,RELIANCE,2595.93,332
2025-06-20T10:07:34Z,RELIANCE,2573.5,344
2025-06-20T10:07:35Z,RELIANCE,2408.49,401
2025-06-20T10:07:36Z,RELIANCE,2443.99,596
2025-06-20T10:07:37Z,RELIANCE,2552.58,840
2025-06-20T10:07:38Z,RELIANCE,2566.93,987
2025-06-20T10:07:39Z,RELIANCE,2451.14,834
2025-06-20T10:07:40Z,RELIANCE,2417.52,393
2025-06-20T10:07:41Z,RELIANCE,2422.48,968
2025-06-20T10:07:42Z,RELIANCE,2499.32,966
2025-06-20T10:07:43Z,RELIANCE,2568.62,863
2025-06-20T10:07:44Z,RELIANCE,2413.41,373
2025-06-20T10:07:45Z,RELIANCE,2426.44,714
2025-06-20T10:07:46Z,RELIANCE,2413.67,855
2025-06-20T10:07:47Z,RELIANCE,2465.71,756
2025-06-20T10:07:48Z,RELIANCE,2466.93,460
2025-06-20T10:07:49Z,RELIANCE,2550.43,282
2025-06-20T10:07:50Z,RELIANCE,2594.01,376
2025-06-20T10:07:51Z,RELIANCE,2463.08,183
2025-06-20T10:07:52Z,RELIANCE,2592.21,616
2025-06-20T10:07:53Z,RELIANCE,2409.52,569
2025-06-20T10:07:54Z,RELIANCE,2530.94,456
2025-06-20T10:07:55Z,RELIANCE,2507.82,292
2025-06-20T10:07:56Z,RELIANCE,2573.44,443
2025-06-20T10:07:57Z,RELIANCE,2435.02,394
2025-06-20T10:07:58Z,RELIANCE,2548.3,113
2025-06-20T10:07:59Z,RELIANCE,2415.76,209
2025-06-20T10:08:00Z,RELIANCE,2571.28,589
2025-06-20T10:08:01Z,RELIANCE,2491.6,569
2025-06-20T10:08:02Z,RELIANCE,2460.81,726
2025-06-20T10:08:03Z,RELIANCE,2562.1,451
2025-06-20T10:08:04Z,RELIANCE,2516.63,906
2025-06-20T10:08:05Z,RELIANCE,2534.15,637
2025-06-20T10:08:06Z,RELIANCE,2537.88,998
2025-06-20T10:08:07Z,RELIANCE,2593.9,692
2025-06-20T10:08:08Z,RELIANCE,2419.88,551
2025-06-20T10:08:09Z,RELIANCE,2448.01,352
2025-06-20T10:08:10Z,RELIANCE,2524.7,525
2025-06-20T10:08:11Z,RELIANCE,2580.96,529
2025-06-20T10:08:12Z,RELIANCE,2470.53,952
2025-06-20T10:08:13Z,RELIANCE,2508.67,635
2025-06-20T10:08:14Z,RELIANCE,2522.43,367
2025-06-20T10:08:15Z,RELIANCE,2401.17,507
2025-06-20T10:08:16Z,RELIANCE,2429.45,517
2025-06-20T10:08:17Z,RELIANCE,2465.78,197
2025-06-20T10:08:18Z,RELIANCE,2587.01,319
2025-06-20T10:08:19Z,RELIANCE,2522.14,975
2025-06-20T10:08:20Z,RELIANCE,2419.47,732
2025-06-20T10:08:21Z,RELIANCE,2482.38,174
2025-06-20T10:08:22Z,RELIANCE,2400.83,349
2025-06-20T10:08:23Z,RELIANCE,2581.21,239
2025-06-20T10:08:24Z,RELIANCE,2439.97,482
2025-06-20T10:08:25Z,RELIANCE,2414.52,857
2025-06-20T10:08:26Z,RELIANCE,2539.56,958
2025-06-20T10:08:27Z,RELIANCE,2599.95,394
2025-06-20T10:08:28Z,RELIANCE,2402.82,198
2025-06-20T10:08:29Z,RELIANCE,2412.76,307
2025-06-20T10:08:30Z,RELIANCE,2521.41,219
2025-06-20T10:08:31Z,RELIANCE,2534.49,681
2025-06-20T10:08:32Z,RELIANCE,2507.78,328
2025-06-20T10:08:33Z,RELIANCE,2421.66,635
2025-06-20T10:08:34Z,RELIANCE,2484.42,329
2025-06-20T10:08:35Z,RELIANCE,2412.7,494
2025-06-20T10:08:36Z,RELIANCE,2536.34,441
2025-06-20T10:08:37Z,RELIANCE,2445.94,425
2025-06-20T10:08:38Z,RELIANCE,2498.24,291
2025-06-20T10:08:39Z,RELIANCE,2461.52,204
2025-06-20T10:08:40Z,RELIANCE,2584.79,788
2025-06-20T10:08:41Z,RELIANCE,2450.38,299
2025-06-20T10:08:42Z,RELIANCE,2420.64,950
2025-06-20T10:08:43Z,RELIANCE,2427.16,259
2025-06-20T10:08:44Z,RELIANCE,2474.04,504
2025-06-20T10:08:45Z,RELIANCE,2428.72,652
2025-06-20T10:08:46Z,RELIANCE,2499.91,886
2025-06-20T10:08:47Z,RELIANCE,2402.17,553
2025-06-20T10:08:48Z,RELIANCE,2430.41,681
2025-06-20T10:08:49Z,RELIANCE,2490.88,618
2025-06-20T10:08:50Z,RELIANCE,2402.69,849
2025-06-20T10:08:51Z,RELIANCE,2568.48,986
2025-06-20T10:08:52Z,RELIANCE,2534.71,814
2025-06-20T10:08:53Z,RELIANCE,2516.54,999
2025-06-20T10:08:54Z,RELIANCE,2520.27,446
2025-06-20T10:08:55Z,RELIANCE,2569.76,394
2025-06-20T10:08:56Z,RELIANCE,2461.64,922
2025-06-20T10:08:57Z,RELIANCE,2427.18,557
2025-06-20T10:08:58Z,RELIANCE,2572.26,261
2025-06-20T10:08:59Z,RELIANCE,2534.68,923
2025-06-20T10:09:00Z,RELIANCE,2515.91,771
2025-06-20T10:09:01Z,RELIANCE,2428.67,1000
2025-06-20T10:09:02Z,RELIANCE,2497.32,725
2025-06-20T10:09:03Z,RELIANCE,2478.64,407
2025-06-20T10:09:04Z,RELIANCE,2487.48,790
2025-06-20T10:09:05Z,RELIANCE,2583.06,533
2025-06-20T10:09:06Z,RELIANCE,2472.87,578
2025-06-20T10:09:07Z,RELIANCE,2507.02,508
2025-06-20T10:09:08Z,RELIANCE,2448.57,627
2025-06-20T10:09:09Z,RELIANCE,2443.46,928
2025-06-20T10:09:10Z,RELIANCE,2522.28,296
2025-06-20T10:09:11Z,RELIANCE,2452.28,142
2025-06-20T10:09:12Z,RELIANCE,2470.56,247
2025-06-20T10:09:13Z,RELIANCE,2423.34,343
2025-06-20T10:09:14Z,RELIANCE,2546.8,299
2025-06-20T10:09:15Z,RELIANCE,2577.98,627
2025-06-20T10:09:16Z,RELIANCE,2443.05,148
2025-06-20T10:09:17Z,RELIANCE,2444.64,971
2025-06-20T10:09:18Z,RELIANCE,2595.46,422
2025-06-20T10:09:19Z,RELIANCE,2455.24,645
2025-06-20T10:09:20Z,RELIANCE,2410.45,757
2025-06-20T10:09:21Z,RELIANCE,2410.33,758
2025-06-20T10:09:22Z,RELIANCE,2572.78,350
2025-06-20T10:09:23Z,RELIANCE,2546.57,798
2025-06-20T10:09:24Z,RELIANCE,2575.05,723
2025-06-20T10:09:25Z,RELIANCE,2407.7,218
2025-06-20T10:09:26Z,RELIANCE,2509.6,812
2025-06-20T10:09:27Z,RELIANCE,2432.67,494
2025-06-20T10:09:28Z,RELIANCE,2579.44,256
2025-06-20T10:09:29Z,RELIANCE,2549.2,518
2025-06-20T10:09:30Z,RELIANCE,2508.2,419
2025-06-20T10:09:31Z,RELIANCE,2581.4,803
2025-06-20T10:09:32Z,RELIANCE,2411.68,612
2025-06-20T10:09:33Z,RELIANCE,2499.93,306
2025-06-20T10:09:34Z,RELIANCE,2413.05,856
2025-06-20T10:09:35Z,RELIANCE,2405.04,952
2025-06-20T10:09:36Z,RELIANCE,2511.57,531
2025-06-20T10:09:37Z,RELIANCE,2591.83,141
2025-06-20T10:09:38Z,RELIANCE,2531.47,158
2025-06-20T10:09:39Z,RELIANCE,2429.25,517
2025-06-20T10:09:40Z,RELIANCE,2406.28,716
2025-06-20T10:09:41Z,RELIANCE,2503.41,973
2025-06-20T10:09:42Z,RELIANCE,2506.17,643
2025-06-20T10:09:43Z,RELIANCE,2599.28,564
2025-06-20T10:09:44Z,RELIANCE,2563.16,716
2025-06-20T10:09:45Z,RELIANCE,2458.09,210
2025-06-20T10:09:46Z,RELIANCE,2546.56,246
2025-06-20T10:09:47Z,RELIANCE,2585.25,533
2025-06-20T10:09:48Z,RELIANCE,2485.15,487
2025-06-20T10:09:49Z,RELIANCE,2527.85,755
2025-06-20T10:09:50Z,RELIANCE,2429.79,671
2025-06-20T10:09:51Z,RELIANCE,2482.07,650
2025-06-20T10:09:52Z,RELIANCE,2505.64,768
2025-06-20T10:09:53Z,RELIANCE,2435.68,259
2025-06-20T10:09:54Z,RELIANCE,2437.34,455
2025-06-20T10:09:55Z,RELIANCE,2502.15,921
2025-06-20T10:09:56Z,RELIANCE,2594.91,735
2025-06-20T10:09:57Z,RELIANCE,2410.29,268
2025-06-20T10:09:58Z,RELIANCE,2450.46,816
2025-06-20T10:09:59Z,RELIANCE,2406.33,644
2025-06-20T10:10:00Z,RELIANCE,2459.44,167
2025-06-20T10:10:01Z,RELIANCE,2485.23,688
2025-06-20T10:10:02Z,RELIANCE,2542.42,827
2025-06-20T10:10:03Z,RELIANCE,2436.29,139
2025-06-20T10:10:04Z,RELIANCE,2547.75,277
2025-06-20T10:10:05Z,RELIANCE,2570.37,317
2025-06-20T10:10:06Z,RELIANCE,2404.01,728
2025-06-20T10:10:07Z,RELIANCE,2500.82,837
2025-06-20T10:10:08Z,RELIANCE,2477.1,937
2025-06-20T10:10:09Z,RELIANCE,2568.29,917
2025-06-20T10:10:10Z,RELIANCE,2581.65,247
2025-06-20T10:10:11Z,RELIANCE,2558.91,284
2025-06-20T10:10:12Z,RELIANCE,2530.19,316
2025-06-20T10:10:13Z,RELIANCE,2591.23,163
2025-06-20T10:10:14Z,RELIANCE,2403.21,263
2025-06-20T10:10:15Z,RELIANCE,2412.8,323
2025-06-20T10:10:16Z,RELIANCE,2573.79,470
2025-06-20T10:10:17Z,RELIANCE,2541.77,375
2025-06-20T10:10:18Z,RELIANCE,2544.57,868
2025-06-20T10:10:19Z,RELIANCE,2598.78,634
2025-06-20T10:10:20Z,RELIANCE,2563.13,573
2025-06-20T10:10:21Z,RELIANCE,2425.15,299
2025-06-20T10:10:22Z,RELIANCE,2583.12,937
2025-06-20T10:10:23Z,RELIANCE,2527.98,676
2025-06-20T10:10:24Z,RELIANCE,2544.53,901
2025-06-20T10:10:25Z,RELIANCE,2467.97,159
2025-06-20T10:10:26Z,RELIANCE,2573.95,271
2025-06-20T10:10:27Z,RELIANCE,2512.53,133
2025-06-20T10:10:28Z,RELIANCE,2561.9,404
2025-06-20T10:10:29Z,RELIANCE,2583.05,136
2025-06-20T10:10:30Z,RELIANCE,2565.08,564
2025-06-20T10:10:31Z,RELIANCE,2530.99,777
2025-06-20T10:10:32Z,RELIANCE,2405.43,931
2025-06-20T10:10:33Z,RELIANCE,2565.46,155
2025-06-20T10:10:34Z,RELIANCE,2438.37,820
2025-06-20T10:10:35Z,RELIANCE,2585.04,948
2025-06-20T10:10:36Z,RELIANCE,2479.84,820
2025-06-20T10:10:37Z,RELIANCE,2490.2,136
2025-06-20T10:10:38Z,RELIANCE,2590.38,369
2025-06-20T10:10:39Z,RELIANCE,2588.32,309
2025-06-20T10:10:40Z,RELIANCE,2514.73,251
2025-06-20T10:10:41Z,RELIANCE,2542.15,754
2025-06-20T10:10:42Z,RELIANCE,2406.06,442
2025-06-20T10:10:43Z,RELIANCE,2478.22,359
2025-06-20T10:10:44Z,RELIANCE,2568.62,235
2025-06-20T10:10:45Z,RELIANCE,2414.39,476
2025-06-20T10:10:46Z,RELIANCE,2445.83,660
2025-06-20T10:10:47Z,RELIANCE,2402.54,256
2025-06-20T10:10:48Z,RELIANCE,2442.92,891
2025-06-20T10:10:49Z,RELIANCE,2527.59,836
2025-06-20T10:10:50Z,RELIANCE,2440.72,920
2025-06-20T10:10:51Z,RELIANCE,2519.83,638
2025-06-20T10:10:52Z,RELIANCE,2418.3,701
2025-06-20T10:10:53Z,RELIANCE,2529.57,199
2025-06-20T10:10:54Z,RELIANCE,2543.03,694
2025-06-20T10:10:55Z,RELIANCE,2520.54,973
2025-06-20T10:10:56Z,RELIANCE,2556.18,652
2025-06-20T10:10:57Z,RELIANCE,2552.33,488
2025-06-20T10:10:58Z,RELIANCE,2424.71,558
2025-06-20T10:10:59Z,RELIANCE,2415.11,551
2025-06-20T10:11:00Z,RELIANCE,2449.17,879
2025-06-20T10:11:01Z,RELIANCE,2524.94,777
2025-06-20T10:11:02Z,RELIANCE,2551.4,480
2025-06-20T10:11:03Z,RELIANCE,2592.89,820
2025-06-20T10:11:04Z,RELIANCE,2472.55,586
2025-06-20T10:11:05Z,RELIANCE,2588.13,979
2025-06-20T10:11:06Z,RELIANCE,2424.08,435
2025-06-20T10:11:07Z,RELIANCE,2590.41,178
2025-06-20T10:11:08Z,RELIANCE,2476.37,996
2025-06-20T10:11:09Z,RELIANCE,2592.45,856
2025-06-20T10:11:10Z,RELIANCE,2584.07,912
2025-06-20T10:11:11Z,RELIANCE,2559.46,430
2025-06-20T10:11:12Z,RELIANCE,2480.83,176
2025-06-20T10:11:13Z,RELIANCE,2583.53,979
2025-06-20T10:11:14Z,RELIANCE,2551.06,876
2025-06-20T10:11:15Z,RELIANCE,2595.86,316
2025-06-20T10:11:16Z,RELIANCE,2503.72,504
2025-06-20T10:11:17Z,RELIANCE,2599.75,482
2025-06-20T10:11:18Z,RELIANCE,2514.42,797
2025-06-20T10:11:19Z,RELIANCE,2476.77,293
2025-06-20T10:11:20Z,RELIANCE,2436.59,408
2025-06-20T10:11:21Z,RELIANCE,2512.57,456
2025-06-20T10:11:22Z,RELIANCE,2560.53,666
2025-06-20T10:11:23Z,RELIANCE,2465.79,195
2025-06-20T10:11:24Z,RELIANCE,2482.65,324
2025-06-20T10:11:25Z,RELIANCE,2578.19,493
2025-06-20T10:11:26Z,RELIANCE,2590.72,708
2025-06-20T10:11:27Z,RELIANCE,2543.04,679
2025-06-20T10:11:28Z,RELIANCE,2501.21,446
2025-06-20T10:11:29Z,RELIANCE,2428.56,138
2025-06-20T10:11:30Z,RELIANCE,2415.59,808
2025-06-20T10:11:31Z,RELIANCE,2468.17,374
2025-06-20T10:11:32Z,RELIANCE,2585.13,577
2025-06-20T10:11:33Z,RELIANCE,2514.88,155
2025-06-20T10:11:34Z,RELIANCE,2527.8,956
2025-06-20T10:11:35Z,RELIANCE,2490.5,870
2025-06-20T10:11:36Z,RELIANCE,2567.38,973
2025-06-20T10:11:37Z,RELIANCE,2510.15,370
2025-06-20T10:11:38Z,RELIANCE,2492.0,133
2025-06-20T10:11:39Z,RELIANCE,2473.88,252
2025-06-20T10:11:40Z,RELIANCE,2559.41,304
2025-06-20T10:11:41Z,RELIANCE,2456.03,566
2025-06-20T10:11:42Z,RELIANCE,2562.92,285
2025-06-20T10:11:43Z,RELIANCE,2476.27,755
2025-06-20T10:11:44Z,RELIANCE,2419.58,836
2025-06-20T10:11:45Z,RELIANCE,2550.07,695
2025-06-20T10:11:46Z,RELIANCE,2482.05,638
2025-06-20T10:11:47Z,RELIANCE,2455.66,494
2025-06-20T10:11:48Z,RELIANCE,2414.61,182
2025-06-20T10:11:49Z,RELIANCE,2503.69,570
2025-06-20T10:11:50Z,RELIANCE,2427.98,855
2025-06-20T10:11:51Z,RELIANCE,2518.12,227
2025-06-20T10:11:52Z,RELIANCE,2537.36,787
2025-06-20T10:11:53Z,RELIANCE,2536.45,347
2025-06-20T10:11:54Z,RELIANCE,2582.64,461
2025-06-20T10:11:55Z,RELIANCE,2581.71,165
2025-06-20T10:11:56Z,RELIANCE,2414.55,633
2025-06-20T10:11:57Z,RELIANCE,2523.57,161
2025-06-20T10:11:58Z,RELIANCE,2519.7,930
2025-06-20T10:11:59Z,RELIANCE,2522.68,965
2025-06-20T10:12:00Z,RELIANCE,2444.71,214
2025-06-20T10:12:01Z,RELIANCE,2449.64,638
2025-06-20T10:12:02Z,RELIANCE,2533.54,841
2025-06-20T10:12:03Z,RELIANCE,2503.16,511
2025-06-20T10:12:04Z,RELIANCE,2439.14,958
2025-06-20T10:12:05Z,RELIANCE,2478.21,681
2025-06-20T10:12:06Z,RELIANCE,2575.93,248
2025-06-20T10:12:07Z,RELIANCE,2457.89,581
2025-06-20T10:12:08Z,RELIANCE,2449.24,506
2025-06-20T10:12:09Z,RELIANCE,2592.82,942
2025-06-20T10:12:10Z,RELIANCE,2578.4,914
2025-06-20T10:12:11Z,RELIANCE,2532.89,531
2025-06-20T10:12:12Z,RELIANCE,2575.77,989
2025-06-20T10:12:13Z,RELIANCE,2521.64,849
2025-06-20T10:12:14Z,RELIANCE,2495.42,454
2025-06-20T10:12:15Z,RELIANCE,2571.41,205
2025-06-20T10:12:16Z,RELIANCE,2435.44,531
2025-06-20T10:12:17Z,RELIANCE,2484.89,462
2025-06-20T10:12:18Z,RELIANCE,2506.74,405
2025-06-20T10:12:19Z,RELIANCE,2547.23,436
2025-06-20T10:12:20Z,RELIANCE,2474.95,921
2025-06-20T10:12:21Z,RELIANCE,2556.2,983
2025-06-20T10:12:22Z,RELIANCE,2569.2,680
2025-06-20T10:12:23Z,RELIANCE,2555.87,289
2025-06-20T10:12:24Z,RELIANCE,2570.25,196
2025-06-20T10:12:25Z,RELIANCE,2421.5,681
2025-06-20T10:12:26Z,RELIANCE,2492.9,575
2025-06-20T10:12:27Z,RELIANCE,2440.63,971
2025-06-20T10:12:28Z,RELIANCE,2491.35,176
2025-06-20T10:12:29Z,RELIANCE,2517.33,723
2025-06-20T10:12:30Z,RELIANCE,2588.02,298
2025-06-20T10:12:31Z,RELIANCE,2469.07,728
2025-06-20T10:12:32Z,RELIANCE,2424.49,646
2025-06-20T10:12:33Z,RELIANCE,2436.9,659
2025-06-20T10:12:34Z,RELIANCE,2513.83,809
2025-06-20T10:12:35Z,RELIANCE,2477.75,251
2025-06-20T10:12:36Z,RELIANCE,2406.34,868
2025-06-20T10:12:37Z,RELIANCE,2410.43,333
2025-06-20T10:12:38Z,RELIANCE,2479.54,469
2025-06-20T10:12:39Z,RELIANCE,2539.95,415
2025-06-20T10:12:40Z,RELIANCE,2471.08,522
2025-06-20T10:12:41Z,RELIANCE,2458.44,928
2025-06-20T10:12:42Z,RELIANCE,2594.25,568
2025-06-20T10:12:43Z,RELIANCE,2563.46,609
2025-06-20T10:12:44Z,RELIANCE,2557.66,365
2025-06-20T10:12:45Z,RELIANCE,2576.94,451
2025-06-20T10:12:46Z,RELIANCE,2411.68,284
2025-06-20T10:12:47Z,RELIANCE,2527.83,566
2025-06-20T10:12:48Z,RELIANCE,2547.68,849
2025-06-20T10:12:49Z,RELIANCE,2588.76,660
2025-06-20T10:12:50Z,RELIANCE,2428.95,580
2025-06-20T10:12:51Z,RELIANCE,2490.13,226
2025-06-20T10:12:52Z,RELIANCE,2586.49,956
2025-06-20T10:12:53Z,RELIANCE,2458.67,653
2025-06-20T10:12:54Z,RELIANCE,2463.4,360
2025-06-20T10:12:55Z,RELIANCE,2590.65,487
2025-06-20T10:12:56Z,RELIANCE,2549.18,556
2025-06-20T10:12:57Z,RELIANCE,2564.17,736
2025-06-20T10:12:58Z,RELIANCE,2567.26,859
2025-06-20T10:12:59Z,RELIANCE,2407.9,473
2025-06-20T10:13:00Z,RELIANCE,2414.49,936
2025-06-20T10:13:01Z,RELIANCE,2464.1,224
2025-06-20T10:13:02Z,RELIANCE,2441.79,839
2025-06-20T10:13:03Z,RELIANCE,2507.07,170
2025-06-20T10:13:04Z,RELIANCE,2506.02,142
2025-06-20T10:13:05Z,RELIANCE,2457.35,247
2025-06-20T10:13:06Z,RELIANCE,2595.79,333
2025-06-20T10:13:07Z,RELIANCE,2586.32,109
2025-06-20T10:13:08Z,RELIANCE,2560.56,519
2025-06-20T10:13:09Z,RELIANCE,2544.07,791
2025-06-20T10:13:10Z,RELIANCE,2442.44,307
2025-06-20T10:13:11Z,RELIANCE,2571.66,993
2025-06-20T10:13:12Z,RELIANCE,2588.9,180
2025-06-20T10:13:13Z,RELIANCE,2529.21,327
2025-06-20T10:13:14Z,RELIANCE,2454.73,296
2025-06-20T10:13:15Z,RELIANCE,2407.7,681
2025-06-20T10:13:16Z,RELIANCE,2482.52,514
2025-06-20T10:13:17Z,RELIANCE,2540.28,495
2025-06-20T10:13:18Z,RELIANCE,2548.03,467
2025-06-20T10:13:19Z,RELIANCE,2491.35,818
2025-06-20T10:13:20Z,RELIANCE,2465.75,950
2025-06-20T10:13:21Z,RELIANCE,2441.09,363
2025-06-20T10:13:22Z,RELIANCE,2455.84,977
2025-06-20T10:13:23Z,RELIANCE,2422.3,883
2025-06-20T10:13:24Z,RELIANCE,2465.82,633
2025-06-20T10:13:25Z,RELIANCE,2579.21,247
2025-06-20T10:13:26Z,RELIANCE,2530.42,920
2025-06-20T10:13:27Z,RELIANCE,2521.03,191
2025-06-20T10:13:28Z,RELIANCE,2540.31,870
2025-06-20T10:13:29Z,RELIANCE,2402.07,223
2025-06-20T10:13:30Z,RELIANCE,2428.03,400
2025-06-20T10:13:31Z,RELIANCE,2404.06,210
2025-06-20T10:13:32Z,RELIANCE,2444.75,817
2025-06-20T10:13:33Z,RELIANCE,2582.33,885
2025-06-20T10:13:34Z,RELIANCE,2537.9,618
2025-06-20T10:13:35Z,RELIANCE,2485.64,492
2025-06-20T10:13:36Z,RELIANCE,2438.99,367
2025-06-20T10:13:37Z,RELIANCE,2580.91,439
2025-06-20T10:13:38Z,RELIANCE,2416.05,939
2025-06-20T10:13:39Z,RELIANCE,2464.9,440
2025-06-20T10:13:40Z,RELIANCE,2471.12,327
2025-06-20T10:13:41Z,RELIANCE,2591.2,573
2025-06-20T10:13:42Z,RELIANCE,2413.07,121
2025-06-20T10:13:43Z,RELIANCE,2493.29,245
2025-06-20T10:13:44Z,RELIANCE,2459.64,479
2025-06-20T10:13:45Z,RELIANCE,2406.5,608
2025-06-20T10:13:46Z,RELIANCE,2440.78,769
2025-06-20T10:13:47Z,RELIANCE,2483.22,783
2025-06-20T10:13:48Z,RELIANCE,2444.29,229
2025-06-20T10:13:49Z,RELIANCE,2417.02,871
2025-06-20T10:13:50Z,RELIANCE,2495.64,881
2025-06-20T10:13:51Z,RELIANCE,2483.09,315
2025-06-20T10:13:52Z,RELIANCE,2530.77,389
2025-06-20T10:13:53Z,RELIANCE,2589.03,146
2025-06-20T10:13:54Z,RELIANCE,2446.05,942
2025-06-20T10:13:55Z,RELIANCE,2484.23,589
2025-06-20T10:13:56Z,RELIANCE,2553.95,457
2025-06-20T10:13:57Z,RELIANCE,2523.25,276
2025-06-20T10:13:58Z,RELIANCE,2516.56,323
2025-06-20T10:13:59Z,RELIANCE,2539.14,353
2025-06-20T10:14:00Z,RELIANCE,2597.74,365
2025-06-20T10:14:01Z,RELIANCE,2541.43,110
2025-06-20T10:14:02Z,RELIANCE,2473.88,637
2025-06-20T10:14:03Z,RELIANCE,2431.83,591
2025-06-20T10:14:04Z,RELIANCE,2542.83,300
2025-06-20T10:14:05Z,RELIANCE,2501.35,196
2025-06-20T10:14:06Z,RELIANCE,2495.96,939
2025-06-20T10:14:07Z,RELIANCE,2575.08,292
2025-06-20T10:14:08Z,RELIANCE,2456.02,207
2025-06-20T10:14:09Z,RELIANCE,2564.61,549
2025-06-20T10:14:10Z,RELIANCE,2432.2,383
2025-06-20T10:14:11Z,RELIANCE,2439.52,963
2025-06-20T10:14:12Z,RELIANCE,2519.65,585
2025-06-20T10:14:13Z,RELIANCE,2531.29,962
2025-06-20T10:14:14Z,RELIANCE,2534.51,507
2025-06-20T10:14:15Z,RELIANCE,2571.6,303
2025-06-20T10:14:16Z,RELIANCE,2471.14,440
2025-06-20T10:14:17Z,RELIANCE,2560.56,160
2025-06-20T10:14:18Z,RELIANCE,2595.92,941
2025-06-20T10:14:19Z,RELIANCE,2498.33,969
2025-06-20T10:14:20Z,RELIANCE,2545.5,903
2025-06-20T10:14:21Z,RELIANCE,2556.26,157
2025-06-20T10:14:22Z,RELIANCE,2430.05,417
2025-06-20T10:14:23Z,RELIANCE,2432.97,680
2025-06-20T10:14:24Z,RELIANCE,2538.38,833
2025-06-20T10:14:25Z,RELIANCE,2538.61,454
2025-06-20T10:14:26Z,RELIANCE,2553.14,346
2025-06-20T10:14:27Z,RELIANCE,2456.79,793
2025-06-20T10:14:28Z,RELIANCE,2583.43,893
2025-06-20T10:14:29Z,RELIANCE,2488.73,468
2025-06-20T10:14:30Z,RELIANCE,2421.5,836
2025-06-20T10:14:31Z,RELIANCE,2406.33,414
2025-06-20T10:14:32Z,RELIANCE,2414.43,899
2025-06-20T10:14:33Z,RELIANCE,2563.95,544
2025-06-20T10:14:34Z,RELIANCE,2599.59,338
2025-06-20T10:14:35Z,RELIANCE,2577.98,870
2025-06-20T10:14:36Z,RELIANCE,2581.32,609
2025-06-20T10:14:37Z,RELIANCE,2532.59,838
2025-06-20T10:14:38Z,RELIANCE,2516.79,171
2025-06-20T10:14:39Z,RELIANCE,2493.49,311
2025-06-20T10:14:40Z,RELIANCE,2530.19,680
2025-06-20T10:14:41Z,RELIANCE,2405.19,567
2025-06-20T10:14:42Z,RELIANCE,2575.48,723
2025-06-20T10:14:43Z,RELIANCE,2404.85,721
2025-06-20T10:14:44Z,RELIANCE,2482.81,487
2025-06-20T10:14:45Z,RELIANCE,2588.78,915
2025-06-20T10:14:46Z,RELIANCE,2514.72,482
2025-06-20T10:14:47Z,RELIANCE,2596.86,713
2025-06-20T10:14:48Z,RELIANCE,2564.3,366
2025-06-20T10:14:49Z,RELIANCE,2475.85,952
2025-06-20T10:14:50Z,RELIANCE,2479.92,356
2025-06-20T10:14:51Z,RELIANCE,2597.94,532
2025-06-20T10:14:52Z,RELIANCE,2447.59,199
2025-06-20T10:14:53Z,RELIANCE,2479.41,792
2025-06-20T10:14:54Z,RELIANCE,2446.71,310
2025-06-20T10:14:55Z,RELIANCE,2552.61,847
2025-06-20T10:14:56Z,RELIANCE,2497.61,949
2025-06-20T10:14:57Z,RELIANCE,2489.17,470
2025-06-20T10:14:58Z,RELIANCE,2445.34,189
2025-06-20T10:14:59Z,RELIANCE,2466.87,375
2025-06-20T10:15:00Z,RELIANCE,2577.87,558
2025-06-20T10:15:01Z,RELIANCE,2476.68,550
2025-06-20T10:15:02Z,RELIANCE,2472.76,478
2025-06-20T10:15:03Z,RELIANCE,2499.23,126
2025-06-20T10:15:04Z,RELIANCE,2446.63,242
2025-06-20T10:15:05Z,RELIANCE,2434.09,951
2025-06-20T10:15:06Z,RELIANCE,2451.96,451
2025-06-20T10:15:07Z,RELIANCE,2549.42,178
2025-06-20T10:15:08Z,RELIANCE,2455.67,160
2025-06-20T10:15:09Z,RELIANCE,2441.93,534
2025-06-20T10:15:10Z,RELIANCE,2592.93,719
2025-06-20T10:15:11Z,RELIANCE,2571.21,291
2025-06-20T10:15:12Z,RELIANCE,2442.15,658
2025-06-20T10:15:13Z,RELIANCE,2545.73,639
2025-06-20T10:15:14Z,RELIANCE,2433.78,937
2025-06-20T10:15:15Z,RELIANCE,2563.27,848
2025-06-20T10:15:16Z,RELIANCE,2591.8,788
2025-06-20T10:15:17Z,RELIANCE,2422.79,857
2025-06-20T10:15:18Z,RELIANCE,2445.27,343
2025-06-20T10:15:19Z,RELIANCE,2453.74,475
2025-06-20T10:15:20Z,RELIANCE,2541.4,506
2025-06-20T10:15:21Z,RELIANCE,2549.42,728
2025-06-20T10:15:22Z,RELIANCE,2554.55,659
2025-06-20T10:15:23Z,RELIANCE,2412.67,838
2025-06-20T10:15:24Z,RELIANCE,2508.21,102
2025-06-20T10:15:25Z,RELIANCE,2497.99,219
2025-06-20T10:15:26Z,RELIANCE,2522.64,694
2025-06-20T10:15:27Z,RELIANCE,2588.66,747
2025-06-20T10:15:28Z,RELIANCE,2452.25,644
2025-06-20T10:15:29Z,RELIANCE,2539.0,326
2025-06-20T10:15:30Z,RELIANCE,2431.13,310
2025-06-20T10:15:31Z,RELIANCE,2429.44,162
2025-06-20T10:15:32Z,RELIANCE,2448.9,546
2025-06-20T10:15:33Z,RELIANCE,2569.96,257
2025-06-20T10:15:34Z,RELIANCE,2470.35,773
2025-06-20T10:15:35Z,RELIANCE,2548.15,865
2025-06-20T10:15:36Z,RELIANCE,2572.82,316
2025-06-20T10:15:37Z,RELIANCE,2548.59,863
2025-06-20T10:15:38Z,RELIANCE,2550.03,659
2025-06-20T10:15:39Z,RELIANCE,2494.29,283
2025-06-20T10:15:40Z,RELIANCE,2467.17,955
2025-06-20T10:15:41Z,RELIANCE,2596.27,844
2025-06-20T10:15:42Z,RELIANCE,2558.6,578
2025-06-20T10:15:43Z,RELIANCE,2453.48,499
2025-06-20T10:15:44Z,RELIANCE,2482.2,575
2025-06-20T10:15:45Z,RELIANCE,2433.39,992
2025-06-20T10:15:46Z,RELIANCE,2487.57,347
2025-06-20T10:15:47Z,RELIANCE,2588.67,822
2025-06-20T10:15:48Z,RELIANCE,2592.62,104
2025-06-20T10:15:49Z,RELIANCE,2547.55,652
2025-06-20T10:15:50Z,RELIANCE,2595.74,308
2025-06-20T10:15:51Z,RELIANCE,2591.96,876
2025-06-20T10:15:52Z,RELIANCE,2580.16,158
2025-06-20T10:15:53Z,RELIANCE,2562.18,119
2025-06-20T10:15:54Z,RELIANCE,2577.35,478
2025-06-20T10:15:55Z,RELIANCE,2591.69,983
2025-06-20T10:15:56Z,RELIANCE,2534.58,922
2025-06-20T10:15:57Z,RELIANCE,2416.01,969
2025-06-20T10:15:58Z,RELIANCE,2471.05,455
2025-06-20T10:15:59Z,RELIANCE,2539.56,737
2025-06-20T10:16:00Z,RELIANCE,2599.72,342
2025-06-20T10:16:01Z,RELIANCE,2485.61,426
2025-06-20T10:16:02Z,RELIANCE,2525.39,209
2025-06-20T10:16:03Z,RELIANCE,2594.24,505
2025-06-20T10:16:04Z,RELIANCE,2408.41,995
2025-06-20T10:16:05Z,RELIANCE,2414.41,537
2025-06-20T10:16:06Z,RELIANCE,2488.21,381
2025-06-20T10:16:07Z,RELIANCE,2567.65,555
2025-06-20T10:16:08Z,RELIANCE,2436.72,154
2025-06-20T10:16:09Z,RELIANCE,2486.32,244
2025-06-20T10:16:10Z,RELIANCE,2486.05,181
2025-06-20T10:16:11Z,RELIANCE,2404.51,938
2025-06-20T10:16:12Z,RELIANCE,2408.63,728
2025-06-20T10:16:13Z,RELIANCE,2548.71,493
2025-06-20T10:16:14Z,RELIANCE,2509.21,294
2025-06-20T10:16:15Z,RELIANCE,2407.22,450
2025-06-20T10:16:16Z,RELIANCE,2423.6,915
2025-06-20T10:16:17Z,RELIANCE,2451.84,559
2025-06-20T10:16:18Z,RELIANCE,2494.85,725
2025-06-20T10:16:19Z,RELIANCE,2598.26,862
2025-06-20T10:16:20Z,RELIANCE,2461.57,195
2025-06-20T10:16:21Z,RELIANCE,2577.25,833
2025-06-20T10:16:22Z,RELIANCE,2453.21,834
2025-06-20T10:16:23Z,RELIANCE,2402.74,857
2025-06-20T10:16:24Z,RELIANCE,2495.82,531
2025-06-20T10:16:25Z,RELIANCE,2517.45,905
2025-06-20T10:16:26Z,RELIANCE,2503.81,299
2025-06-20T10:16:27Z,RELIANCE,2473.37,582
2025-06-20T10:16:28Z,RELIANCE,2530.86,679
2025-06-20T10:16:29Z,RELIANCE,2520.99,227
2025-06-20T10:16:30Z,RELIANCE,2427.46,350
2025-06-20T10:16:31Z,RELIANCE,2555.97,452
2025-06-20T10:16:32Z,RELIANCE,2468.15,111
2025-06-20T10:16:33Z,RELIANCE,2475.78,296
2025-06-20T10:16:34Z,RELIANCE,2505.11,670
2025-06-20T10:16:35Z,RELIANCE,2524.24,179
2025-06-20T10:16:36Z,RELIANCE,2534.06,451
2025-06-20T10:16:37Z,RELIANCE,2431.08,673
2025-06-20T10:16:38Z,RELIANCE,2501.42,968
2025-06-20T10:16:39Z,RELIANCE,2597.31,379
2025-06-20T10:00:00Z,HDFCBANK,1641.17,752
2025-06-20T10:00:01Z,HDFCBANK,1530.91,575
2025-06-20T10:00:02Z,HDFCBANK,1644.95,885
2025-06-20T10:00:03Z,HDFCBANK,1656.86,168
2025-06-20T10:00:04Z,HDFCBANK,1585.58,678
2025-06-20T10:00:05Z,HDFCBANK,1584.66,708
2025-06-20T10:00:06Z,HDFCBANK,1626.9,415
2025-06-20T10:00:07Z,HDFCBANK,1563.35,523
2025-06-20T10:00:08Z,HDFCBANK,1548.25,224
2025-06-20T10:00:09Z,HDFCBANK,1516.35,133
2025-06-20T10:00:10Z,HDFCBANK,1656.4,825
2025-06-20T10:00:11Z,HDFCBANK,1524.22,744
2025-06-20T10:00:12Z,HDFCBANK,1587.36,904
2025-06-20T10:00:13Z,HDFCBANK,1573.16,510
2025-06-20T10:00:14Z,HDFCBANK,1650.94,988
2025-06-20T10:00:15Z,HDFCBANK,1584.05,684
2025-06-20T10:00:16Z,HDFCBANK,1516.5,557
2025-06-20T10:00:17Z,HDFCBANK,1511.92,904
2025-06-20T10:00:18Z,HDFCBANK,1613.6,683
2025-06-20T10:00:19Z,HDFCBANK,1501.94,161
2025-06-20T10:00:20Z,HDFCBANK,1644.07,573
2025-06-20T10:00:21Z,HDFCBANK,1585.98,157
2025-06-20T10:00:22Z,HDFCBANK,1695.91,512
2025-06-20T10:00:23Z,HDFCBANK,1679.29,705
2025-06-20T10:00:24Z,HDFCBANK,1507.06,924
2025-06-20T10:00:25Z,HDFCBANK,1685.91,290
2025-06-20T10:00:26Z,HDFCBANK,1524.03,369
2025-06-20T10:00:27Z,HDFCBANK,1591.73,463
2025-06-20T10:00:28Z,HDFCBANK,1573.45,476
2025-06-20T10:00:29Z,HDFCBANK,1576.42,547
2025-06-20T10:00:30Z,HDFCBANK,1651.15,736
2025-06-20T10:00:31Z,HDFCBANK,1675.81,905
2025-06-20T10:00:32Z,HDFCBANK,1563.88,699
2025-06-20T10:00:33Z,HDFCBANK,1617.66,712
2025-06-20T10:00:34Z,HDFCBANK,1519.49,684
2025-06-20T10:00:35Z,HDFCBANK,1517.65,554
2025-06-20T10:00:36Z,HDFCBANK,1574.64,495
2025-06-20T10:00:37Z,HDFCBANK,1695.37,969
2025-06-20T10:00:38Z,HDFCBANK,1684.56,572
2025-06-20T10:00:39Z,HDFCBANK,1650.56,934
2025-06-20T10:00:40Z,HDFCBANK,1612.84,476
2025-06-20T10:00:41Z,HDFCBANK,1591.33,901
2025-06-20T10:00:42Z,HDFCBANK,1635.67,583
2025-06-20T10:00:43Z,HDFCBANK,1557.02,447
2025-06-20T10:00:44Z,HDFCBANK,1500.88,410
2025-06-20T10:00:45Z,HDFCBANK,1576.93,796
2025-06-20T10:00:46Z,HDFCBANK,1694.04,195
2025-06-20T10:00:47Z,HDFCBANK,1615.51,983
2025-06-20T10:00:48Z,HDFCBANK,1643.96,953
2025-06-20T10:00:49Z,HDFCBANK,1527.14,962
2025-06-20T10:00:50Z,HDFCBANK,1529.91,801
2025-06-20T10:00:51Z,HDFCBANK,1618.44,105
2025-06-20T10:00:52Z,HDFCBANK,1686.48,515
2025-06-20T10:00:53Z,HDFCBANK,1554.4,719
2025-06-20T10:00:54Z,HDFCBANK,1549.7,279
2025-06-20T10:00:55Z,HDFCBANK,1679.76,984
2025-06-20T10:00:56Z,HDFCBANK,1540.54,552
2025-06-20T10:00:57Z,HDFCBANK,1660.22,360
2025-06-20T10:00:58Z,HDFCBANK,1683.01,932
2025-06-20T10:00:59Z,HDFCBANK,1582.45,657
2025-06-20T10:01:00Z,HDFCBANK,1649.18,888
2025-06-20T10:01:01Z,HDFCBANK,1547.39,292
2025-06-20T10:01:02Z,HDFCBANK,1646.42,139
2025-06-20T10:01:03Z,HDFCBANK,1620.38,238
2025-06-20T10:01:04Z,HDFCBANK,1513.46,102
2025-06-20T10:01:05Z,HDFCBANK,1686.15,376
2025-06-20T10:01:06Z,HDFCBANK,1559.9,282
2025-06-20T10:01:07Z,HDFCBANK,1500.69,492
2025-06-20T10:01:08Z,HDFCBANK,1516.76,639
2025-06-20T10:01:09Z,HDFCBANK,1551.73,667
2025-06-20T10:01:10Z,HDFCBANK,1503.69,582
2025-06-20T10:01:11Z,HDFCBANK,1637.89,138
2025-06-20T10:01:12Z,HDFCBANK,1543.68,895
2025-06-20T10:01:13Z,HDFCBANK,1522.58,713
2025-06-20T10:01:14Z,HDFCBANK,1541.5,416
2025-06-20T10:01:15Z,HDFCBANK,1595.72,301
2025-06-20T10:01:16Z,HDFCBANK,1501.79,602
2025-06-20T10:01:17Z,HDFCBANK,1612.66,883
2025-06-20T10:01:18Z,HDFCBANK,1694.04,990
2025-06-20T10:01:19Z,HDFCBANK,1520.74,824
2025-06-20T10:01:20Z,HDFCBANK,1552.77,813
2025-06-20T10:01:21Z,HDFCBANK,1657.65,726
2025-06-20T10:01:22Z,HDFCBANK,1692.94,839
2025-06-20T10:01:23Z,HDFCBANK,1510.67,277
2025-06-20T10:01:24Z,HDFCBANK,1661.5,371
2025-06-20T10:01:25Z,HDFCBANK,1653.82,368
2025-06-20T10:01:26Z,HDFCBANK,1570.7,417
2025-06-20T10:01:27Z,HDFCBANK,1583.62,126
2025-06-20T10:01:28Z,HDFCBANK,1656.69,555
2025-06-20T10:01:29Z,HDFCBANK,1695.16,123
2025-06-20T10:01:30Z,HDFCBANK,1545.22,677
2025-06-20T10:01:31Z,HDFCBANK,1570.84,226
2025-06-20T10:01:32Z,HDFCBANK,1566.08,790
2025-06-20T10:01:33Z,HDFCBANK,1639.67,427
2025-06-20T10:01:34Z,HDFCBANK,1590.02,269
2025-06-20T10:01:35Z,HDFCBANK,1552.01,168
2025-06-20T10:01:36Z,HDFCBANK,1505.78,798
2025-06-20T10:01:37Z,HDFCBANK,1500.06,334
2025-06-20T10:01:38Z,HDFCBANK,1513.04,868
2025-06-20T10:01:39Z,HDFCBANK,1527.29,559
2025-06-20T10:01:40Z,HDFCBANK,1615.87,720
2025-06-20T10:01:41Z,HDFCBANK,1519.38,611
2025-06-20T10:01:42Z,HDFCBANK,1568.13,327
2025-06-20T10:01:43Z,HDFCBANK,1599.47,182
2025-06-20T10:01:44Z,HDFCBANK,1644.79,888
2025-06-20T10:01:45Z,HDFCBANK,1676.69,188
2025-06-20T10:01:46Z,HDFCBANK,1506.06,839
2025-06-20T10:01:47Z,HDFCBANK,1625.24,142
2025-06-20T10:01:48Z,HDFCBANK,1639.22,865
2025-06-20T10:01:49Z,HDFCBANK,1520.92,236
2025-06-20T10:01:50Z,HDFCBANK,1565.41,400
2025-06-20T10:01:51Z,HDFCBANK,1533.96,301
2025-06-20T10:01:52Z,HDFCBANK,1676.95,491
2025-06-20T10:01:53Z,HDFCBANK,1622.94,272
2025-06-20T10:01:54Z,HDFCBANK,1521.55,772
2025-06-20T10:01:55Z,HDFCBANK,1525.84,205
2025-06-20T10:01:56Z,HDFCBANK,1694.48,341
2025-06-20T10:01:57Z,HDFCBANK,1664.0,364
2025-06-20T10:01:58Z,HDFCBANK,1596.62,634
2025-06-20T10:01:59Z,HDFCBANK,1513.58,294
2025-06-20T10:02:00Z,HDFCBANK,1559.69,453
2025-06-20T10:02:01Z,HDFCBANK,1511.02,124
2025-06-20T10:02:02Z,HDFCBANK,1574.88,779
2025-06-20T10:02:03Z,HDFCBANK,1544.82,895
2025-06-20T10:02:04Z,HDFCBANK,1502.23,613
2025-06-20T10:02:05Z,HDFCBANK,1638.83,666
2025-06-20T10:02:06Z,HDFCBANK,1507.17,706
2025-06-20T10:02:07Z,HDFCBANK,1502.8,616
2025-06-20T10:02:08Z,HDFCBANK,1616.27,210
2025-06-20T10:02:09Z,HDFCBANK,1575.88,745
2025-06-20T10:02:10Z,HDFCBANK,1526.6,837
2025-06-20T10:02:11Z,HDFCBANK,1583.73,572
2025-06-20T10:02:12Z,HDFCBANK,1657.34,387
2025-06-20T10:02:13Z,HDFCBANK,1679.09,148
2025-06-20T10:02:14Z,HDFCBANK,1510.27,561
2025-06-20T10:02:15Z,HDFCBANK,1507.96,414
2025-06-20T10:02:16Z,HDFCBANK,1648.51,521
2025-06-20T10:02:17Z,HDFCBANK,1539.44,751
2025-06-20T10:02:18Z,HDFCBANK,1691.55,954
2025-06-20T10:02:19Z,HDFCBANK,1545.77,816
2025-06-20T10:02:20Z,HDFCBANK,1639.82,322
2025-06-20T10:02:21Z,HDFCBANK,1574.85,231
2025-06-20T10:02:22Z,HDFCBANK,1612.27,889
2025-06-20T10:02:23Z,HDFCBANK,1591.41,898
2025-06-20T10:02:24Z,HDFCBANK,1656.28,450
2025-06-20T10:02:25Z,HDFCBANK,1665.6,486
2025-06-20T10:02:26Z,HDFCBANK,1678.63,433
2025-06-20T10:02:27Z,HDFCBANK,1625.9,335
2025-06-20T10:02:28Z,HDFCBANK,1687.36,962
2025-06-20T10:02:29Z,HDFCBANK,1596.43,188
2025-06-20T10:02:30Z,HDFCBANK,1610.45,341
2025-06-20T10:02:31Z,HDFCBANK,1671.59,223
2025-06-20T10:02:32Z,HDFCBANK,1576.13,912
2025-06-20T10:02:33Z,HDFCBANK,1506.81,258
2025-06-20T10:02:34Z,HDFCBANK,1595.53,978
2025-06-20T10:02:35Z,HDFCBANK,1547.5,151
2025-06-20T10:02:36Z,HDFCBANK,1583.6,970
2025-06-20T10:02:37Z,HDFCBANK,1572.21,387
2025-06-20T10:02:38Z,HDFCBANK,1633.82,174
2025-06-20T10:02:39Z,HDFCBANK,1532.01,337
2025-06-20T10:02:40Z,HDFCBANK,1506.23,794
2025-06-20T10:02:41Z,HDFCBANK,1696.67,688
2025-06-20T10:02:42Z,HDFCBANK,1513.59,545
2025-06-20T10:02:43Z,HDFCBANK,1664.56,299
2025-06-20T10:02:44Z,HDFCBANK,1690.33,660
2025-06-20T10:02:45Z,HDFCBANK,1581.64,204
2025-06-20T10:02:46Z,HDFCBANK,1698.12,110
2025-06-20T10:02:47Z,HDFCBANK,1672.55,243
2025-06-20T10:02:48Z,HDFCBANK,1509.5,895
2025-06-20T10:02:49Z,HDFCBANK,1687.03,781
2025-06-20T10:02:50Z,HDFCBANK,1540.25,865
2025-06-20T10:02:51Z,HDFCBANK,1643.12,667
2025-06-20T10:02:52Z,HDFCBANK,1606.35,923
2025-06-20T10:02:53Z,HDFCBANK,1656.35,627
2025-06-20T10:02:54Z,HDFCBANK,1517.39,294
2025-06-20T10:02:55Z,HDFCBANK,1666.28,478
2025-06-20T10:02:56Z,HDFCBANK,1551.71,251
2025-06-20T10:02:57Z,HDFCBANK,1512.66,677
2025-06-20T10:02:58Z,HDFCBANK,1549.35,411
2025-06-20T10:02:59Z,HDFCBANK,1658.39,737
2025-06-20T10:03:00Z,HDFCBANK,1532.05,802
2025-06-20T10:03:01Z,HDFCBANK,1622.24,474
2025-06-20T10:03:02Z,HDFCBANK,1526.77,625
2025-06-20T10:03:03Z,HDFCBANK,1643.73,918
2025-06-20T10:03:04Z,HDFCBANK,1676.48,952
2025-06-20T10:03:05Z,HDFCBANK,1587.51,204
2025-06-20T10:03:06Z,HDFCBANK,1639.8,496
2025-06-20T10:03:07Z,HDFCBANK,1627.09,529
2025-06-20T10:03:08Z,HDFCBANK,1600.77,729
2025-06-20T10:03:09Z,HDFCBANK,1617.8,692
2025-06-20T10:03:10Z,HDFCBANK,1528.14,855
2025-06-20T10:03:11Z,HDFCBANK,1698.93,876
2025-06-20T10:03:12Z,HDFCBANK,1505.41,157
2025-06-20T10:03:13Z,HDFCBANK,1606.63,332
2025-06-20T10:03:14Z,HDFCBANK,1524.27,686
2025-06-20T10:03:15Z,HDFCBANK,1623.41,303
2025-06-20T10:03:16Z,HDFCBANK,1588.53,254
2025-06-20T10:03:17Z,HDFCBANK,1577.63,738
2025-06-20T10:03:18Z,HDFCBANK,1609.48,290
2025-06-20T10:03:19Z,HDFCBANK,1584.95,501
2025-06-20T10:03:20Z,HDFCBANK,1576.48,206
2025-06-20T10:03:21Z,HDFCBANK,1689.16,647
2025-06-20T10:03:22Z,HDFCBANK,1643.85,244
2025-06-20T10:03:23Z,HDFCBANK,1599.14,586
2025-06-20T10:03:24Z,HDFCBANK,1653.22,679
2025-06-20T10:03:25Z,HDFCBANK,1680.88,582
2025-06-20T10:03:26Z,HDFCBANK,1519.72,241
2025-06-20T10:03:27Z,HDFCBANK,1539.19,120
2025-06-20T10:03:28Z,HDFCBANK,1543.5,566
2025-06-20T10:03:29Z,HDFCBANK,1627.44,181
2025-06-20T10:03:30Z,HDFCBANK,1528.29,164
2025-06-20T10:03:31Z,HDFCBANK,1660.46,865
2025-06-20T10:03:32Z,HDFCBANK,1637.69,146
2025-06-20T10:03:33Z,HDFCBANK,1662.7,957
2025-06-20T10:03:34Z,HDFCBANK,1587.29,926
2025-06-20T10:03:35Z,HDFCBANK,1633.02,670
2025-06-20T10:03:36Z,HDFCBANK,1682.04,603
2025-06-20T10:03:37Z,HDFCBANK,1558.19,261
2025-06-20T10:03:38Z,HDFCBANK,1638.16,617
2025-06-20T10:03:39Z,HDFCBANK,1693.45,485
2025-06-20T10:03:40Z,HDFCBANK,1559.52,365
2025-06-20T10:03:41Z,HDFCBANK,1676.44,788
2025-06-20T10:03:42Z,HDFCBANK,1658.68,471
2025-06-20T10:03:43Z,HDFCBANK,1541.84,646
2025-06-20T10:03:44Z,HDFCBANK,1539.09,126
2025-06-20T10:03:45Z,HDFCBANK,1609.9,754
2025-06-20T10:03:46Z,HDFCBANK,1562.12,983
2025-06-20T10:03:47Z,HDFCBANK,1625.11,528
2025-06-20T10:03:48Z,HDFCBANK,1572.98,811
2025-06-20T10:03:49Z,HDFCBANK,1536.82,224
2025-06-20T10:03:50Z,HDFCBANK,1660.93,926
2025-06-20T10:03:51Z,HDFCBANK,1521.07,940
2025-06-20T10:03:52Z,HDFCBANK,1697.6,464
2025-06-20T10:03:53Z,HDFCBANK,1685.52,386
2025-06-20T10:03:54Z,HDFCBANK,1695.12,960
2025-06-20T10:03:55Z,HDFCBANK,1587.0,355
2025-06-20T10:03:56Z,HDFCBANK,1686.08,174
2025-06-20T10:03:57Z,HDFCBANK,1688.4,518
2025-06-20T10:03:58Z,HDFCBANK,1589.46,345
2025-06-20T10:03:59Z,HDFCBANK,1613.91,225
2025-06-20T10:04:00Z,HDFCBANK,1618.91,817
2025-06-20T10:04:01Z,HDFCBANK,1659.92,646
2025-06-20T10:04:02Z,HDFCBANK,1568.61,688
2025-06-20T10:04:03Z,HDFCBANK,1532.93,434
2025-06-20T10:04:04Z,HDFCBANK,1697.37,248
2025-06-20T10:04:05Z,HDFCBANK,1505.81,109
2025-06-20T10:04:06Z,HDFCBANK,1695.7,195
2025-06-20T10:04:07Z,HDFCBANK,1599.94,341
2025-06-20T10:04:08Z,HDFCBANK,1642.99,172
2025-06-20T10:04:09Z,HDFCBANK,1659.53,825
2025-06-20T10:04:10Z,HDFCBANK,1664.46,731
2025-06-20T10:04:11Z,HDFCBANK,1552.04,812
2025-06-20T10:04:12Z,HDFCBANK,1658.34,733
2025-06-20T10:04:13Z,HDFCBANK,1639.47,709
2025-06-20T10:04:14Z,HDFCBANK,1524.9,289
2025-06-20T10:04:15Z,HDFCBANK,1541.89,953
2025-06-20T10:04:16Z,HDFCBANK,1527.22,409
2025-06-20T10:04:17Z,HDFCBANK,1628.97,658
2025-06-20T10:04:18Z,HDFCBANK,1610.71,586
2025-06-20T10:04:19Z,HDFCBANK,1631.48,397
2025-06-20T10:04:20Z,HDFCBANK,1538.42,456
2025-06-20T10:04:21Z,HDFCBANK,1643.72,987
2025-06-20T10:04:22Z,HDFCBANK,1545.67,261
2025-06-20T10:04:23Z,HDFCBANK,1637.63,429
2025-06-20T10:04:24Z,HDFCBANK,1615.72,851
2025-06-20T10:04:25Z,HDFCBANK,1669.27,338
2025-06-20T10:04:26Z,HDFCBANK,1582.05,516
2025-06-20T10:04:27Z,HDFCBANK,1642.05,237
2025-06-20T10:04:28Z,HDFCBANK,1549.39,441
2025-06-20T10:04:29Z,HDFCBANK,1606.99,362
2025-06-20T10:04:30Z,HDFCBANK,1653.22,587
2025-06-20T10:04:31Z,HDFCBANK,1656.23,565
2025-06-20T10:04:32Z,HDFCBANK,1591.15,469
2025-06-20T10:04:33Z,HDFCBANK,1619.37,444
2025-06-20T10:04:34Z,HDFCBANK,1684.28,379
2025-06-20T10:04:35Z,HDFCBANK,1565.56,997
2025-06-20T10:04:36Z,HDFCBANK,1693.36,701
2025-06-20T10:04:37Z,HDFCBANK,1588.11,607
2025-06-20T10:04:38Z,HDFCBANK,1622.8,395
2025-06-20T10:04:39Z,HDFCBANK,1578.7,660
2025-06-20T10:04:40Z,HDFCBANK,1617.45,199
2025-06-20T10:04:41Z,HDFCBANK,1584.25,168
2025-06-20T10:04:42Z,HDFCBANK,1666.9,136
2025-06-20T10:04:43Z,HDFCBANK,1556.04,457
2025-06-20T10:04:44Z,HDFCBANK,1648.01,250
2025-06-20T10:04:45Z,HDFCBANK,1689.68,263
2025-06-20T10:04:46Z,HDFCBANK,1628.23,250
2025-06-20T10:04:47Z,HDFCBANK,1512.16,291
2025-06-20T10:04:48Z,HDFCBANK,1656.08,925
2025-06-20T10:04:49Z,HDFCBANK,1650.47,872
2025-06-20T10:04:50Z,HDFCBANK,1684.4,626
2025-06-20T10:04:51Z,HDFCBANK,1636.53,565
2025-06-20T10:04:52Z,HDFCBANK,1643.85,305
2025-06-20T10:04:53Z,HDFCBANK,1675.86,640
2025-06-20T10:04:54Z,HDFCBANK,1636.0,147
2025-06-20T10:04:55Z,HDFCBANK,1522.68,890
2025-06-20T10:04:56Z,HDFCBANK,1665.01,766
2025-06-20T10:04:57Z,HDFCBANK,1590.45,424
2025-06-20T10:04:58Z,HDFCBANK,1514.1,424
2025-06-20T10:04:59Z,HDFCBANK,1585.01,424
2025-06-20T10:05:00Z,HDFCBANK,1562.81,511
2025-06-20T10:05:01Z,HDFCBANK,1516.37,646
2025-06-20T10:05:02Z,HDFCBANK,1602.28,667
2025-06-20T10:05:03Z,HDFCBANK,1540.58,404
2025-06-20T10:05:04Z,HDFCBANK,1522.46,336
2025-06-20T10:05:05Z,HDFCBANK,1507.62,764
2025-06-20T10:05:06Z,HDFCBANK,1668.58,199
2025-06-20T10:05:07Z,HDFCBANK,1642.83,486
2025-06-20T10:05:08Z,HDFCBANK,1539.81,727
2025-06-20T10:05:09Z,HDFCBANK,1670.21,968
2025-06-20T10:05:10Z,HDFCBANK,1580.16,502
2025-06-20T10:05:11Z,HDFCBANK,1507.8,901
2025-06-20T10:05:12Z,HDFCBANK,1589.56,476
2025-06-20T10:05:13Z,HDFCBANK,1550.94,264
2025-06-20T10:05:14Z,HDFCBANK,1646.2,399
2025-06-20T10:05:15Z,HDFCBANK,1556.83,891
2025-06-20T10:05:16Z,HDFCBANK,1668.42,156
2025-06-20T10:05:17Z,HDFCBANK,1581.75,128
2025-06-20T10:05:18Z,HDFCBANK,1665.83,467
2025-06-20T10:05:19Z,HDFCBANK,1655.71,774
2025-06-20T10:05:20Z,HDFCBANK,1575.22,132
2025-06-20T10:05:21Z,HDFCBANK,1536.22,751
2025-06-20T10:05:22Z,HDFCBANK,1635.14,765
2025-06-20T10:05:23Z,HDFCBANK,1511.18,711
2025-06-20T10:05:24Z,HDFCBANK,1518.21,671
2025-06-20T10:05:25Z,HDFCBANK,1513.47,834
2025-06-20T10:05:26Z,HDFCBANK,1621.42,263
2025-06-20T10:05:27Z,HDFCBANK,1673.51,986
2025-06-20T10:05:28Z,HDFCBANK,1673.38,319
2025-06-20T10:05:29Z,HDFCBANK,1632.06,737
2025-06-20T10:05:30Z,HDFCBANK,1654.93,814
2025-06-20T10:05:31Z,HDFCBANK,1529.37,292
2025-06-20T10:05:32Z,HDFCBANK,1565.91,273
2025-06-20T10:05:33Z,HDFCBANK,1640.68,684
2025-06-20T10:05:34Z,HDFCBANK,1660.49,731
2025-06-20T10:05:35Z,HDFCBANK,1634.41,550
2025-06-20T10:05:36Z,HDFCBANK,1628.06,553
2025-06-20T10:05:37Z,HDFCBANK,1624.93,243
2025-06-20T10:05:38Z,HDFCBANK,1647.57,481
2025-06-20T10:05:39Z,HDFCBANK,1660.49,634
2025-06-20T10:05:40Z,HDFCBANK,1654.92,538
2025-06-20T10:05:41Z,HDFCBANK,1514.19,277
2025-06-20T10:05:42Z,HDFCBANK,1672.78,810
2025-06-20T10:05:43Z,HDFCBANK,1597.94,644
2025-06-20T10:05:44Z,HDFCBANK,1554.84,808
2025-06-20T10:05:45Z,HDFCBANK,1534.96,600
2025-06-20T10:05:46Z,HDFCBANK,1529.55,472
2025-06-20T10:05:47Z,HDFCBANK,1511.66,630
2025-06-20T10:05:48Z,HDFCBANK,1583.01,369
2025-06-20T10:05:49Z,HDFCBANK,1682.56,532
2025-06-20T10:05:50Z,HDFCBANK,1561.77,445
2025-06-20T10:05:51Z,HDFCBANK,1514.22,182
2025-06-20T10:05:52Z,HDFCBANK,1553.47,894
2025-06-20T10:05:53Z,HDFCBANK,1515.7,114
2025-06-20T10:05:54Z,HDFCBANK,1601.47,484
2025-06-20T10:05:55Z,HDFCBANK,1599.84,348
2025-06-20T10:05:56Z,HDFCBANK,1574.03,246
2025-06-20T10:05:57Z,HDFCBANK,1588.17,404
2025-06-20T10:05:58Z,HDFCBANK,1553.18,261
2025-06-20T10:05:59Z,HDFCBANK,1559.78,758
2025-06-20T10:06:00Z,HDFCBANK,1698.25,844
2025-06-20T10:06:01Z,HDFCBANK,1590.8,466
2025-06-20T10:06:02Z,HDFCBANK,1659.6,197
2025-06-20T10:06:03Z,HDFCBANK,1651.0,377
2025-06-20T10:06:04Z,HDFCBANK,1575.12,264
2025-06-20T10:06:05Z,HDFCBANK,1686.89,326
2025-06-20T10:06:06Z,HDFCBANK,1590.53,857
2025-06-20T10:06:07Z,HDFCBANK,1547.04,667
2025-06-20T10:06:08Z,HDFCBANK,1641.51,948
2025-06-20T10:06:09Z,HDFCBANK,1564.35,143
2025-06-20T10:06:10Z,HDFCBANK,1508.65,631
2025-06-20T10:06:11Z,HDFCBANK,1586.27,366
2025-06-20T10:06:12Z,HDFCBANK,1647.74,847
2025-06-20T10:06:13Z,HDFCBANK,1648.48,675
2025-06-20T10:06:14Z,HDFCBANK,1598.95,109
2025-06-20T10:06:15Z,HDFCBANK,1625.33,769
2025-06-20T10:06:16Z,HDFCBANK,1571.2,132
2025-06-20T10:06:17Z,HDFCBANK,1594.19,373
2025-06-20T10:06:18Z,HDFCBANK,1575.85,490
2025-06-20T10:06:19Z,HDFCBANK,1561.15,535
2025-06-20T10:06:20Z,HDFCBANK,1559.86,681
2025-06-20T10:06:21Z,HDFCBANK,1615.57,836
2025-06-20T10:06:22Z,HDFCBANK,1542.43,231
2025-06-20T10:06:23Z,HDFCBANK,1542.95,995
2025-06-20T10:06:24Z,HDFCBANK,1662.72,764
2025-06-20T10:06:25Z,HDFCBANK,1643.84,293
2025-06-20T10:06:26Z,HDFCBANK,1575.88,862
2025-06-20T10:06:27Z,HDFCBANK,1629.62,671
2025-06-20T10:06:28Z,HDFCBANK,1531.73,741
2025-06-20T10:06:29Z,HDFCBANK,1574.93,471
2025-06-20T10:06:30Z,HDFCBANK,1538.56,361
2025-06-20T10:06:31Z,HDFCBANK,1526.77,359
2025-06-20T10:06:32Z,HDFCBANK,1526.4,440
2025-06-20T10:06:33Z,HDFCBANK,1624.91,160
2025-06-20T10:06:34Z,HDFCBANK,1635.46,791
2025-06-20T10:06:35Z,HDFCBANK,1698.28,304
2025-06-20T10:06:36Z,HDFCBANK,1585.63,832
2025-06-20T10:06:37Z,HDFCBANK,1543.29,348
2025-06-20T10:06:38Z,HDFCBANK,1560.7,864
2025-06-20T10:06:39Z,HDFCBANK,1559.35,365
2025-06-20T10:06:40Z,HDFCBANK,1618.19,161
2025-06-20T10:06:41Z,HDFCBANK,1666.47,123
2025-06-20T10:06:42Z,HDFCBANK,1514.69,314
2025-06-20T10:06:43Z,HDFCBANK,1682.07,326
2025-06-20T10:06:44Z,HDFCBANK,1608.82,738
2025-06-20T10:06:45Z,HDFCBANK,1524.36,245
2025-06-20T10:06:46Z,HDFCBANK,1567.37,396
2025-06-20T10:06:47Z,HDFCBANK,1643.57,166
2025-06-20T10:06:48Z,HDFCBANK,1650.87,814
2025-06-20T10:06:49Z,HDFCBANK,1500.78,775
2025-06-20T10:06:50Z,HDFCBANK,1607.12,795
2025-06-20T10:06:51Z,HDFCBANK,1617.06,423
2025-06-20T10:06:52Z,HDFCBANK,1609.37,839
2025-06-20T10:06:53Z,HDFCBANK,1555.64,254
2025-06-20T10:06:54Z,HDFCBANK,1622.16,520
2025-06-20T10:06:55Z,HDFCBANK,1573.45,355
2025-06-20T10:06:56Z,HDFCBANK,1637.05,314
2025-06-20T10:06:57Z,HDFCBANK,1580.27,546
2025-06-20T10:06:58Z,HDFCBANK,1606.41,492
2025-06-20T10:06:59Z,HDFCBANK,1509.15,707
2025-06-20T10:07:00Z,HDFCBANK,1611.39,136
2025-06-20T10:07:01Z,HDFCBANK,1502.02,793
2025-06-20T10:07:02Z,HDFCBANK,1674.55,880
2025-06-20T10:07:03Z,HDFCBANK,1678.45,677
2025-06-20T10:07:04Z,HDFCBANK,1637.74,482
2025-06-20T10:07:05Z,HDFCBANK,1607.78,364
2025-06-20T10:07:06Z,HDFCBANK,1613.27,517
2025-06-20T10:07:07Z,HDFCBANK,1662.29,946
2025-06-20T10:07:08Z,HDFCBANK,1661.11,248
2025-06-20T10:07:09Z,HDFCBANK,1610.83,284
2025-06-20T10:07:10Z,HDFCBANK,1615.24,179
2025-06-20T10:07:11Z,HDFCBANK,1695.7,567
2025-06-20T10:07:12Z,HDFCBANK,1522.54,188
2025-06-20T10:07:13Z,HDFCBANK,1595.32,685
2025-06-20T10:07:14Z,HDFCBANK,1585.61,711
2025-06-20T10:07:15Z,HDFCBANK,1544.37,382
2025-06-20T10:07:16Z,HDFCBANK,1627.73,781
2025-06-20T10:07:17Z,HDFCBANK,1695.51,410
2025-06-20T10:07:18Z,HDFCBANK,1659.43,936
2025-06-20T10:07:19Z,HDFCBANK,1611.54,253
2025-06-20T10:07:20Z,HDFCBANK,1638.92,452
2025-06-20T10:07:21Z,HDFCBANK,1557.27,428
2025-06-20T10:07:22Z,HDFCBANK,1668.07,220
2025-06-20T10:07:23Z,HDFCBANK,1613.37,391
2025-06-20T10:07:24Z,HDFCBANK,1570.19,545
2025-06-20T10:07:25Z,HDFCBANK,1524.12,903
2025-06-20T10:07:26Z,HDFCBANK,1696.25,310
2025-06-20T10:07:27Z,HDFCBANK,1578.87,562
2025-06-20T10:07:28Z,HDFCBANK,1543.29,841
2025-06-20T10:07:29Z,HDFCBANK,1599.24,498
2025-06-20T10:07:30Z,HDFCBANK,1685.27,611
2025-06-20T10:07:31Z,HDFCBANK,1599.37,801
2025-06-20T10:07:32Z,HDFCBANK,1649.06,711
2025-06-20T10:07:33Z,HDFCBANK,1517.68,857
2025-06-20T10:07:34Z,HDFCBANK,1584.99,650
2025-06-20T10:07:35Z,HDFCBANK,1518.51,440
2025-06-20T10:07:36Z,HDFCBANK,1532.11,789
2025-06-20T10:07:37Z,HDFCBANK,1619.06,639
2025-06-20T10:07:38Z,HDFCBANK,1655.91,536
2025-06-20T10:07:39Z,HDFCBANK,1691.04,323
2025-06-20T10:07:40Z,HDFCBANK,1672.59,703
2025-06-20T10:07:41Z,HDFCBANK,1518.61,544
2025-06-20T10:07:42Z,HDFCBANK,1677.67,599
2025-06-20T10:07:43Z,HDFCBANK,1640.68,763
2025-06-20T10:07:44Z,HDFCBANK,1687.74,544
2025-06-20T10:07:45Z,HDFCBANK,1685.51,230
2025-06-20T10:07:46Z,HDFCBANK,1559.62,886
2025-06-20T10:07:47Z,HDFCBANK,1645.19,355
2025-06-20T10:07:48Z,HDFCBANK,1658.31,446
2025-06-20T10:07:49Z,HDFCBANK,1581.32,751
2025-06-20T10:07:50Z,HDFCBANK,1610.68,758
2025-06-20T10:07:51Z,HDFCBANK,1628.07,333
2025-06-20T10:07:52Z,HDFCBANK,1621.82,375
2025-06-20T10:07:53Z,HDFCBANK,1566.56,289
2025-06-20T10:07:54Z,HDFCBANK,1634.18,937
2025-06-20T10:07:55Z,HDFCBANK,1557.58,433
2025-06-20T10:07:56Z,HDFCBANK,1635.87,770
2025-06-20T10:07:57Z,HDFCBANK,1553.74,139
2025-06-20T10:07:58Z,HDFCBANK,1558.05,971
2025-06-20T10:07:59Z,HDFCBANK,1676.03,816
2025-06-20T10:08:00Z,HDFCBANK,1630.25,987
2025-06-20T10:08:01Z,HDFCBANK,1551.36,128
2025-06-20T10:08:02Z,HDFCBANK,1587.66,952
2025-06-20T10:08:03Z,HDFCBANK,1653.12,340
2025-06-20T10:08:04Z,HDFCBANK,1618.05,532
2025-06-20T10:08:05Z,HDFCBANK,1677.29,969
2025-06-20T10:08:06Z,HDFCBANK,1646.41,852
2025-06-20T10:08:07Z,HDFCBANK,1644.32,612
2025-06-20T10:08:08Z,HDFCBANK,1557.19,105
2025-06-20T10:08:09Z,HDFCBANK,1637.21,284
2025-06-20T10:08:10Z,HDFCBANK,1610.85,590
2025-06-20T10:08:11Z,HDFCBANK,1581.05,900
2025-06-20T10:08:12Z,HDFCBANK,1658.26,445
2025-06-20T10:08:13Z,HDFCBANK,1537.85,985
2025-06-20T10:08:14Z,HDFCBANK,1590.09,573
2025-06-20T10:08:15Z,HDFCBANK,1506.81,754
2025-06-20T10:08:16Z,HDFCBANK,1617.48,803
2025-06-20T10:08:17Z,HDFCBANK,1692.84,808
2025-06-20T10:08:18Z,HDFCBANK,1665.33,986
2025-06-20T10:08:19Z,HDFCBANK,1697.83,259
2025-06-20T10:08:20Z,HDFCBANK,1580.22,587
2025-06-20T10:08:21Z,HDFCBANK,1518.74,333
2025-06-20T10:08:22Z,HDFCBANK,1526.39,192
2025-06-20T10:08:23Z,HDFCBANK,1615.93,709
2025-06-20T10:08:24Z,HDFCBANK,1597.88,554
2025-06-20T10:08:25Z,HDFCBANK,1648.92,182
2025-06-20T10:08:26Z,HDFCBANK,1650.05,940
2025-06-20T10:08:27Z,HDFCBANK,1602.25,589
2025-06-20T10:08:28Z,HDFCBANK,1524.16,632
2025-06-20T10:08:29Z,HDFCBANK,1620.1,909
2025-06-20T10:08:30Z,HDFCBANK,1520.26,697
2025-06-20T10:08:31Z,HDFCBANK,1646.84,961
2025-06-20T10:08:32Z,HDFCBANK,1637.17,656
2025-06-20T10:08:33Z,HDFCBANK,1651.44,133
2025-06-20T10:08:34Z,HDFCBANK,1656.07,120
2025-06-20T10:08:35Z,HDFCBANK,1506.09,104
2025-06-20T10:08:36Z,HDFCBANK,1528.98,600
2025-06-20T10:08:37Z,HDFCBANK,1655.89,138
2025-06-20T10:08:38Z,HDFCBANK,1505.96,770
2025-06-20T10:08:39Z,HDFCBANK,1619.64,209
2025-06-20T10:08:40Z,HDFCBANK,1547.66,346
2025-06-20T10:08:41Z,HDFCBANK,1542.28,870
2025-06-20T10:08:42Z,HDFCBANK,1660.71,722
2025-06-20T10:08:43Z,HDFCBANK,1629.01,323
2025-06-20T10:08:44Z,HDFCBANK,1668.32,134
2025-06-20T10:08:45Z,HDFCBANK,1585.51,344
2025-06-20T10:08:46Z,HDFCBANK,1592.62,578
2025-06-20T10:08:47Z,HDFCBANK,1537.89,662
2025-06-20T10:08:48Z,HDFCBANK,1575.84,202
2025-06-20T10:08:49Z,HDFCBANK,1570.16,513
2025-06-20T10:08:50Z,HDFCBANK,1694.79,560
2025-06-20T10:08:51Z,HDFCBANK,1554.21,529
2025-06-20T10:08:52Z,HDFCBANK,1543.23,377
2025-06-20T10:08:53Z,HDFCBANK,1620.25,919
2025-06-20T10:08:54Z,HDFCBANK,1683.61,266
2025-06-20T10:08:55Z,HDFCBANK,1538.84,296
2025-06-20T10:08:56Z,HDFCBANK,1561.69,522
2025-06-20T10:08:57Z,HDFCBANK,1592.06,266
2025-06-20T10:08:58Z,HDFCBANK,1605.21,698
2025-06-20T10:08:59Z,HDFCBANK,1524.88,154
2025-06-20T10:09:00Z,HDFCBANK,1600.06,118
2025-06-20T10:09:01Z,HDFCBANK,1681.07,885
2025-06-20T10:09:02Z,HDFCBANK,1599.48,522
2025-06-20T10:09:03Z,HDFCBANK,1563.35,760
2025-06-20T10:09:04Z,HDFCBANK,1509.36,892
2025-06-20T10:09:05Z,HDFCBANK,1671.45,822
2025-06-20T10:09:06Z,HDFCBANK,1642.01,498
2025-06-20T10:09:07Z,HDFCBANK,1605.57,282
2025-06-20T10:09:08Z,HDFCBANK,1680.38,959
2025-06-20T10:09:09Z,HDFCBANK,1639.81,528
2025-06-20T10:09:10Z,HDFCBANK,1699.09,909
2025-06-20T10:09:11Z,HDFCBANK,1618.32,783
2025-06-20T10:09:12Z,HDFCBANK,1544.85,362
2025-06-20T10:09:13Z,HDFCBANK,1506.96,519
2025-06-20T10:09:14Z,HDFCBANK,1614.14,117
2025-06-20T10:09:15Z,HDFCBANK,1513.36,850
2025-06-20T10:09:16Z,HDFCBANK,1515.28,249
2025-06-20T10:09:17Z,HDFCBANK,1665.09,977
2025-06-20T10:09:18Z,HDFCBANK,1560.23,857
2025-06-20T10:09:19Z,HDFCBANK,1587.3,162
2025-06-20T10:09:20Z,HDFCBANK,1504.42,594
2025-06-20T10:09:21Z,HDFCBANK,1609.36,812
2025-06-20T10:09:22Z,HDFCBANK,1609.13,264
2025-06-20T10:09:23Z,HDFCBANK,1572.66,404
2025-06-20T10:09:24Z,HDFCBANK,1690.86,921
2025-06-20T10:09:25Z,HDFCBANK,1524.5,745
2025-06-20T10:09:26Z,HDFCBANK,1524.14,377
2025-06-20T10:09:27Z,HDFCBANK,1577.22,178
2025-06-20T10:09:28Z,HDFCBANK,1511.87,574
2025-06-20T10:09:29Z,HDFCBANK,1583.08,571
2025-06-20T10:09:30Z,HDFCBANK,1584.33,653
2025-06-20T10:09:31Z,HDFCBANK,1660.83,762
2025-06-20T10:09:32Z,HDFCBANK,1610.31,694
2025-06-20T10:09:33Z,HDFCBANK,1641.1,112
2025-06-20T10:09:34Z,HDFCBANK,1579.32,439
2025-06-20T10:09:35Z,HDFCBANK,1683.05,437
2025-06-20T10:09:36Z,HDFCBANK,1640.41,268
2025-06-20T10:09:37Z,HDFCBANK,1588.06,558
2025-06-20T10:09:38Z,HDFCBANK,1596.96,814
2025-06-20T10:09:39Z,HDFCBANK,1623.1,433
2025-06-20T10:09:40Z,HDFCBANK,1696.96,162
2025-06-20T10:09:41Z,HDFCBANK,1689.94,479
2025-06-20T10:09:42Z,HDFCBANK,1539.73,854
2025-06-20T10:09:43Z,HDFCBANK,1693.53,988
2025-06-20T10:09:44Z,HDFCBANK,1674.31,437
2025-06-20T10:09:45Z,HDFCBANK,1515.79,942
2025-06-20T10:09:46Z,HDFCBANK,1681.1,512
2025-06-20T10:09:47Z,HDFCBANK,1537.37,539
2025-06-20T10:09:48Z,HDFCBANK,1530.12,393
2025-06-20T10:09:49Z,HDFCBANK,1676.67,128
2025-06-20T10:09:50Z,HDFCBANK,1673.31,212
2025-06-20T10:09:51Z,HDFCBANK,1633.95,253
2025-06-20T10:09:52Z,HDFCBANK,1507.39,256
2025-06-20T10:09:53Z,HDFCBANK,1641.34,228
2025-06-20T10:09:54Z,HDFCBANK,1547.31,947
2025-06-20T10:09:55Z,HDFCBANK,1628.41,176
2025-06-20T10:09:56Z,HDFCBANK,1555.97,913
2025-06-20T10:09:57Z,HDFCBANK,1637.63,376
2025-06-20T10:09:58Z,HDFCBANK,1526.91,599
2025-06-20T10:09:59Z,HDFCBANK,1697.21,923
2025-06-20T10:10:00Z,HDFCBANK,1558.81,359
2025-06-20T10:10:01Z,HDFCBANK,1501.77,789
2025-06-20T10:10:02Z,HDFCBANK,1595.13,831
2025-06-20T10:10:03Z,HDFCBANK,1684.12,463
2025-06-20T10:10:04Z,HDFCBANK,1608.19,542
2025-06-20T10:10:05Z,HDFCBANK,1653.96,992
2025-06-20T10:10:06Z,HDFCBANK,1519.1,959
2025-06-20T10:10:07Z,HDFCBANK,1560.24,968
2025-06-20T10:10:08Z,HDFCBANK,1671.45,271
2025-06-20T10:10:09Z,HDFCBANK,1698.95,519
2025-06-20T10:10:10Z,HDFCBANK,1669.72,298
2025-06-20T10:10:11Z,HDFCBANK,1513.21,236
2025-06-20T10:10:12Z,HDFCBANK,1673.46,180
2025-06-20T10:10:13Z,HDFCBANK,1597.83,683
2025-06-20T10:10:14Z,HDFCBANK,1551.17,843
2025-06-20T10:10:15Z,HDFCBANK,1602.42,988
2025-06-20T10:10:16Z,HDFCBANK,1524.17,683
2025-06-20T10:10:17Z,HDFCBANK,1664.13,674
2025-06-20T10:10:18Z,HDFCBANK,1570.01,215
2025-06-20T10:10:19Z,HDFCBANK,1636.27,793
2025-06-20T10:10:20Z,HDFCBANK,1564.17,504
2025-06-20T10:10:21Z,HDFCBANK,1652.57,186
2025-06-20T10:10:22Z,HDFCBANK,1567.8,668
2025-06-20T10:10:23Z,HDFCBANK,1527.0,605
2025-06-20T10:10:24Z,HDFCBANK,1591.69,520
2025-06-20T10:10:25Z,HDFCBANK,1698.28,524
2025-06-20T10:10:26Z,HDFCBANK,1648.04,304
2025-06-20T10:10:27Z,HDFCBANK,1597.64,855
2025-06-20T10:10:28Z,HDFCBANK,1632.8,442
2025-06-20T10:10:29Z,HDFCBANK,1612.83,370
2025-06-20T10:10:30Z,HDFCBANK,1637.04,332
2025-06-20T10:10:31Z,HDFCBANK,1636.91,889
2025-06-20T10:10:32Z,HDFCBANK,1658.76,870
2025-06-20T10:10:33Z,HDFCBANK,1527.23,837
2025-06-20T10:10:34Z,HDFCBANK,1525.18,656
2025-06-20T10:10:35Z,HDFCBANK,1603.4,616
2025-06-20T10:10:36Z,HDFCBANK,1624.5,335
2025-06-20T10:10:37Z,HDFCBANK,1669.59,206
2025-06-20T10:10:38Z,HDFCBANK,1617.38,761
2025-06-20T10:10:39Z,HDFCBANK,1588.13,204
2025-06-20T10:10:40Z,HDFCBANK,1548.27,173
2025-06-20T10:10:41Z,HDFCBANK,1644.41,479
2025-06-20T10:10:42Z,HDFCBANK,1549.76,215
2025-06-20T10:10:43Z,HDFCBANK,1564.96,836
2025-06-20T10:10:44Z,HDFCBANK,1573.96,267
2025-06-20T10:10:45Z,HDFCBANK,1691.42,736
2025-06-20T10:10:46Z,HDFCBANK,1593.83,713
2025-06-20T10:10:47Z,HDFCBANK,1604.6,682
2025-06-20T10:10:48Z,HDFCBANK,1665.65,981
2025-06-20T10:10:49Z,HDFCBANK,1599.26,896
2025-06-20T10:10:50Z,HDFCBANK,1611.03,428
2025-06-20T10:10:51Z,HDFCBANK,1587.37,797
2025-06-20T10:10:52Z,HDFCBANK,1515.37,789
2025-06-20T10:10:53Z,HDFCBANK,1564.54,238
2025-06-20T10:10:54Z,HDFCBANK,1539.14,721
2025-06-20T10:10:55Z,HDFCBANK,1513.77,680
2025-06-20T10:10:56Z,HDFCBANK,1539.59,597
2025-06-20T10:10:57Z,HDFCBANK,1573.6,952
2025-06-20T10:10:58Z,HDFCBANK,1527.09,523
2025-06-20T10:10:59Z,HDFCBANK,1571.76,851
2025-06-20T10:11:00Z,HDFCBANK,1621.12,970
2025-06-20T10:11:01Z,HDFCBANK,1663.8,226
2025-06-20T10:11:02Z,HDFCBANK,1521.69,816
2025-06-20T10:11:03Z,HDFCBANK,1638.35,293
2025-06-20T10:11:04Z,HDFCBANK,1632.46,217
2025-06-20T10:11:05Z,HDFCBANK,1642.27,653
2025-06-20T10:11:06Z,HDFCBANK,1645.34,537
2025-06-20T10:11:07Z,HDFCBANK,1557.41,572
2025-06-20T10:11:08Z,HDFCBANK,1690.75,736
2025-06-20T10:11:09Z,HDFCBANK,1640.1,360
2025-06-20T10:11:10Z,HDFCBANK,1572.53,250
2025-06-20T10:11:11Z,HDFCBANK,1648.26,347
2025-06-20T10:11:12Z,HDFCBANK,1518.22,298
2025-06-20T10:11:13Z,HDFCBANK,1527.55,924
2025-06-20T10:11:14Z,HDFCBANK,1569.98,572
2025-06-20T10:11:15Z,HDFCBANK,1684.43,167
2025-06-20T10:11:16Z,HDFCBANK,1637.85,758
2025-06-20T10:11:17Z,HDFCBANK,1647.19,728
2025-06-20T10:11:18Z,HDFCBANK,1665.71,413
2025-06-20T10:11:19Z,HDFCBANK,1520.93,667
2025-06-20T10:11:20Z,HDFCBANK,1662.93,422
2025-06-20T10:11:21Z,HDFCBANK,1559.61,689
2025-06-20T10:11:22Z,HDFCBANK,1600.87,324
2025-06-20T10:11:23Z,HDFCBANK,1505.9,616
2025-06-20T10:11:24Z,HDFCBANK,1608.61,258
2025-06-20T10:11:25Z,HDFCBANK,1521.14,342
2025-06-20T10:11:26Z,HDFCBANK,1646.71,995
2025-06-20T10:11:27Z,HDFCBANK,1555.67,113
2025-06-20T10:11:28Z,HDFCBANK,1585.34,939
2025-06-20T10:11:29Z,HDFCBANK,1660.27,132
2025-06-20T10:11:30Z,HDFCBANK,1678.8,992
2025-06-20T10:11:31Z,HDFCBANK,1686.93,396
2025-06-20T10:11:32Z,HDFCBANK,1527.14,714
2025-06-20T10:11:33Z,HDFCBANK,1500.1,526
2025-06-20T10:11:34Z,HDFCBANK,1588.02,212
2025-06-20T10:11:35Z,HDFCBANK,1605.73,291
2025-06-20T10:11:36Z,HDFCBANK,1506.37,695
2025-06-20T10:11:37Z,HDFCBANK,1632.51,332
2025-06-20T10:11:38Z,HDFCBANK,1621.6,510
2025-06-20T10:11:39Z,HDFCBANK,1636.32,706
2025-06-20T10:11:40Z,HDFCBANK,1535.06,282
2025-06-20T10:11:41Z,HDFCBANK,1672.92,267
2025-06-20T10:11:42Z,HDFCBANK,1621.38,952
2025-06-20T10:11:43Z,HDFCBANK,1554.36,582
2025-06-20T10:11:44Z,HDFCBANK,1539.16,316
2025-06-20T10:11:45Z,HDFCBANK,1627.55,983
2025-06-20T10:11:46Z,HDFCBANK,1631.12,426
2025-06-20T10:11:47Z,HDFCBANK,1697.73,866
2025-06-20T10:11:48Z,HDFCBANK,1524.42,691
2025-06-20T10:11:49Z,HDFCBANK,1651.75,734
2025-06-20T10:11:50Z,HDFCBANK,1669.55,471
2025-06-20T10:11:51Z,HDFCBANK,1655.13,173
2025-06-20T10:11:52Z,HDFCBANK,1605.67,979
2025-06-20T10:11:53Z,HDFCBANK,1616.82,778
2025-06-20T10:11:54Z,HDFCBANK,1595.19,770
2025-06-20T10:11:55Z,HDFCBANK,1653.52,889
2025-06-20T10:11:56Z,HDFCBANK,1674.06,133
2025-06-20T10:11:57Z,HDFCBANK,1651.88,943
2025-06-20T10:11:58Z,HDFCBANK,1618.3,501
2025-06-20T10:11:59Z,HDFCBANK,1529.45,933
2025-06-20T10:12:00Z,HDFCBANK,1514.41,397
2025-06-20T10:12:01Z,HDFCBANK,1667.83,907
2025-06-20T10:12:02Z,HDFCBANK,1660.77,199
2025-06-20T10:12:03Z,HDFCBANK,1580.05,557
2025-06-20T10:12:04Z,HDFCBANK,1563.35,374
2025-06-20T10:12:05Z,HDFCBANK,1662.25,332
2025-06-20T10:12:06Z,HDFCBANK,1604.82,895
2025-06-20T10:12:07Z,HDFCBANK,1548.14,846
2025-06-20T10:12:08Z,HDFCBANK,1612.52,540
2025-06-20T10:12:09Z,HDFCBANK,1673.92,567
2025-06-20T10:12:10Z,HDFCBANK,1648.18,639
2025-06-20T10:12:11Z,HDFCBANK,1507.0,609
2025-06-20T10:12:12Z,HDFCBANK,1685.01,759
2025-06-20T10:12:13Z,HDFCBANK,1560.14,108
2025-06-20T10:12:14Z,HDFCBANK,1512.53,587
2025-06-20T10:12:15Z,HDFCBANK,1502.0,649
2025-06-20T10:12:16Z,HDFCBANK,1549.55,574
2025-06-20T10:12:17Z,HDFCBANK,1524.14,535
2025-06-20T10:12:18Z,HDFCBANK,1587.54,193
2025-06-20T10:12:19Z,HDFCBANK,1648.18,389
2025-06-20T10:12:20Z,HDFCBANK,1536.33,221
2025-06-20T10:12:21Z,HDFCBANK,1584.87,954
2025-06-20T10:12:22Z,HDFCBANK,1580.7,102
2025-06-20T10:12:23Z,HDFCBANK,1503.43,746
2025-06-20T10:12:24Z,HDFCBANK,1572.07,796
2025-06-20T10:12:25Z,HDFCBANK,1657.57,125
2025-06-20T10:12:26Z,HDFCBANK,1631.65,267
2025-06-20T10:12:27Z,HDFCBANK,1662.47,566
2025-06-20T10:12:28Z,HDFCBANK,1534.2,296
2025-06-20T10:12:29Z,HDFCBANK,1573.31,186
2025-06-20T10:12:30Z,HDFCBANK,1514.18,877
2025-06-20T10:12:31Z,HDFCBANK,1544.76,652
2025-06-20T10:12:32Z,HDFCBANK,1578.14,639
2025-06-20T10:12:33Z,HDFCBANK,1570.86,803
2025-06-20T10:12:34Z,HDFCBANK,1575.89,678
2025-06-20T10:12:35Z,HDFCBANK,1643.87,446
2025-06-20T10:12:36Z,HDFCBANK,1570.6,237
2025-06-20T10:12:37Z,HDFCBANK,1586.98,410
2025-06-20T10:12:38Z,HDFCBANK,1507.67,498
2025-06-20T10:12:39Z,HDFCBANK,1687.13,448
2025-06-20T10:12:40Z,HDFCBANK,1565.51,172
2025-06-20T10:12:41Z,HDFCBANK,1522.57,781
2025-06-20T10:12:42Z,HDFCBANK,1662.75,661
2025-06-20T10:12:43Z,HDFCBANK,1520.41,804
2025-06-20T10:12:44Z,HDFCBANK,1536.86,887
2025-06-20T10:12:45Z,HDFCBANK,1525.3,827
2025-06-20T10:12:46Z,HDFCBANK,1614.06,144
2025-06-20T10:12:47Z,HDFCBANK,1632.37,714
2025-06-20T10:12:48Z,HDFCBANK,1685.43,895
2025-06-20T10:12:49Z,HDFCBANK,1592.08,782
2025-06-20T10:12:50Z,HDFCBANK,1648.65,991
2025-06-20T10:12:51Z,HDFCBANK,1587.99,125
2025-06-20T10:12:52Z,HDFCBANK,1591.29,728
2025-06-20T10:12:53Z,HDFCBANK,1694.49,515
2025-06-20T10:12:54Z,HDFCBANK,1595.74,579
2025-06-20T10:12:55Z,HDFCBANK,1564.99,326
2025-06-20T10:12:56Z,HDFCBANK,1637.17,221
2025-06-20T10:12:57Z,HDFCBANK,1648.14,569
2025-06-20T10:12:58Z,HDFCBANK,1560.67,871
2025-06-20T10:12:59Z,HDFCBANK,1566.9,517
2025-06-20T10:13:00Z,HDFCBANK,1605.09,799
2025-06-20T10:13:01Z,HDFCBANK,1695.51,692
2025-06-20T10:13:02Z,HDFCBANK,1516.16,237
2025-06-20T10:13:03Z,HDFCBANK,1694.49,423
2025-06-20T10:13:04Z,HDFCBANK,1679.06,583
2025-06-20T10:13:05Z,HDFCBANK,1564.32,180
2025-06-20T10:13:06Z,HDFCBANK,1699.61,177
2025-06-20T10:13:07Z,HDFCBANK,1585.28,780
2025-06-20T10:13:08Z,HDFCBANK,1625.91,955
2025-06-20T10:13:09Z,HDFCBANK,1539.92,637
2025-06-20T10:13:10Z,HDFCBANK,1682.01,632
2025-06-20T10:13:11Z,HDFCBANK,1539.03,572
2025-06-20T10:13:12Z,HDFCBANK,1610.89,534
2025-06-20T10:13:13Z,HDFCBANK,1615.5,540
2025-06-20T10:13:14Z,HDFCBANK,1621.12,593
2025-06-20T10:13:15Z,HDFCBANK,1500.01,824
2025-06-20T10:13:16Z,HDFCBANK,1590.01,217
2025-06-20T10:13:17Z,HDFCBANK,1593.42,578
2025-06-20T10:13:18Z,HDFCBANK,1686.18,582
2025-06-20T10:13:19Z,HDFCBANK,1544.27,829
2025-06-20T10:13:20Z,HDFCBANK,1601.59,848
2025-06-20T10:13:21Z,HDFCBANK,1641.67,500
2025-06-20T10:13:22Z,HDFCBANK,1521.53,477
2025-06-20T10:13:23Z,HDFCBANK,1650.5,950
2025-06-20T10:13:24Z,HDFCBANK,1682.64,812
2025-06-20T10:13:25Z,HDFCBANK,1517.29,161
2025-06-20T10:13:26Z,HDFCBANK,1572.56,740
2025-06-20T10:13:27Z,HDFCBANK,1647.31,730
2025-06-20T10:13:28Z,HDFCBANK,1514.47,750
2025-06-20T10:13:29Z,HDFCBANK,1525.1,531
2025-06-20T10:13:30Z,HDFCBANK,1608.1,809
2025-06-20T10:13:31Z,HDFCBANK,1533.33,400
2025-06-20T10:13:32Z,HDFCBANK,1662.67,801
2025-06-20T10:13:33Z,HDFCBANK,1634.13,229
2025-06-20T10:13:34Z,HDFCBANK,1577.6,934
2025-06-20T10:13:35Z,HDFCBANK,1575.98,994
2025-06-20T10:13:36Z,HDFCBANK,1526.23,484
2025-06-20T10:13:37Z,HDFCBANK,1511.41,692
2025-06-20T10:13:38Z,HDFCBANK,1567.53,404
2025-06-20T10:13:39Z,HDFCBANK,1692.83,560
2025-06-20T10:13:40Z,HDFCBANK,1641.19,380
2025-06-20T10:13:41Z,HDFCBANK,1605.93,706
2025-06-20T10:13:42Z,HDFCBANK,1658.51,523
2025-06-20T10:13:43Z,HDFCBANK,1540.61,272
2025-06-20T10:13:44Z,HDFCBANK,1528.71,665
2025-06-20T10:13:45Z,HDFCBANK,1698.84,610
2025-06-20T10:13:46Z,HDFCBANK,1656.84,961
2025-06-20T10:13:47Z,HDFCBANK,1691.56,269
2025-06-20T10:13:48Z,HDFCBANK,1681.17,539
2025-06-20T10:13:49Z,HDFCBANK,1513.02,146
2025-06-20T10:13:50Z,HDFCBANK,1677.46,565
2025-06-20T10:13:51Z,HDFCBANK,1574.6,131
2025-06-20T10:13:52Z,HDFCBANK,1625.52,589
2025-06-20T10:13:53Z,HDFCBANK,1656.57,824
2025-06-20T10:13:54Z,HDFCBANK,1545.2,547
2025-06-20T10:13:55Z,HDFCBANK,1512.17,188
2025-06-20T10:13:56Z,HDFCBANK,1531.36,631
2025-06-20T10:13:57Z,HDFCBANK,1517.63,311
2025-06-20T10:13:58Z,HDFCBANK,1624.63,316
2025-06-20T10:13:59Z,HDFCBANK,1689.95,601
2025-06-20T10:14:00Z,HDFCBANK,1567.71,964
2025-06-20T10:14:01Z,HDFCBANK,1696.54,998
2025-06-20T10:14:02Z,HDFCBANK,1523.14,846
2025-06-20T10:14:03Z,HDFCBANK,1615.53,793
2025-06-20T10:14:04Z,HDFCBANK,1541.19,537
2025-06-20T10:14:05Z,HDFCBANK,1686.1,715
2025-06-20T10:14:06Z,HDFCBANK,1513.71,491
2025-06-20T10:14:07Z,HDFCBANK,1690.82,905
2025-06-20T10:14:08Z,HDFCBANK,1614.88,806
2025-06-20T10:14:09Z,HDFCBANK,1525.83,598
2025-06-20T10:14:10Z,HDFCBANK,1688.53,657
2025-06-20T10:14:11Z,HDFCBANK,1694.16,379
2025-06-20T10:14:12Z,HDFCBANK,1583.32,685
2025-06-20T10:14:13Z,HDFCBANK,1646.75,727
2025-06-20T10:14:14Z,HDFCBANK,1651.65,767
2025-06-20T10:14:15Z,HDFCBANK,1617.37,348
2025-06-20T10:14:16Z,HDFCBANK,1587.15,649
2025-06-20T10:14:17Z,HDFCBANK,1671.19,383
2025-06-20T10:14:18Z,HDFCBANK,1629.24,1000
2025-06-20T10:14:19Z,HDFCBANK,1680.48,586
2025-06-20T10:14:20Z,HDFCBANK,1524.71,481
2025-06-20T10:14:21Z,HDFCBANK,1671.07,955
2025-06-20T10:14:22Z,HDFCBANK,1698.58,198
2025-06-20T10:14:23Z,HDFCBANK,1654.84,427
2025-06-20T10:14:24Z,HDFCBANK,1535.62,657
2025-06-20T10:14:25Z,HDFCBANK,1629.95,520
2025-06-20T10:14:26Z,HDFCBANK,1635.84,225
2025-06-20T10:14:27Z,HDFCBANK,1681.44,536
2025-06-20T10:14:28Z,HDFCBANK,1546.78,904
2025-06-20T10:14:29Z,HDFCBANK,1672.11,980
2025-06-20T10:14:30Z,HDFCBANK,1556.47,595
2025-06-20T10:14:31Z,HDFCBANK,1548.36,525
2025-06-20T10:14:32Z,HDFCBANK,1537.12,246
2025-06-20T10:14:33Z,HDFCBANK,1566.1,490
2025-06-20T10:14:34Z,HDFCBANK,1560.77,297
2025-06-20T10:14:35Z,HDFCBANK,1538.74,150
2025-06-20T10:14:36Z,HDFCBANK,1575.65,914
2025-06-20T10:14:37Z,HDFCBANK,1609.11,333
2025-06-20T10:14:38Z,HDFCBANK,1658.18,533
2025-06-20T10:14:39Z,HDFCBANK,1654.13,538
2025-06-20T10:14:40Z,HDFCBANK,1691.44,204
2025-06-20T10:14:41Z,HDFCBANK,1644.08,489
2025-06-20T10:14:42Z,HDFCBANK,1680.38,106
2025-06-20T10:14:43Z,HDFCBANK,1597.14,118
2025-06-20T10:14:44Z,HDFCBANK,1632.44,778
2025-06-20T10:14:45Z,HDFCBANK,1513.61,996
2025-06-20T10:14:46Z,HDFCBANK,1687.09,861
2025-06-20T10:14:47Z,HDFCBANK,1501.79,380
2025-06-20T10:14:48Z,HDFCBANK,1569.11,290
2025-06-20T10:14:49Z,HDFCBANK,1545.23,298
2025-06-20T10:14:50Z,HDFCBANK,1541.32,778
2025-06-20T10:14:51Z,HDFCBANK,1664.34,435
2025-06-20T10:14:52Z,HDFCBANK,1608.93,568
2025-06-20T10:14:53Z,HDFCBANK,1609.58,488
2025-06-20T10:14:54Z,HDFCBANK,1558.42,427
2025-06-20T10:14:55Z,HDFCBANK,1562.26,628
2025-06-20T10:14:56Z,HDFCBANK,1539.83,992
2025-06-20T10:14:57Z,HDFCBANK,1515.62,391
2025-06-20T10:14:58Z,HDFCBANK,1575.48,271
2025-06-20T10:14:59Z,HDFCBANK,1560.72,197
2025-06-20T10:15:00Z,HDFCBANK,1683.68,963
2025-06-20T10:15:01Z,HDFCBANK,1653.93,338
2025-06-20T10:15:02Z,HDFCBANK,1505.38,799
2025-06-20T10:15:03Z,HDFCBANK,1676.37,554
2025-06-20T10:15:04Z,HDFCBANK,1575.01,548
2025-06-20T10:15:05Z,HDFCBANK,1597.33,995
2025-06-20T10:15:06Z,HDFCBANK,1577.26,943
2025-06-20T10:15:07Z,HDFCBANK,1657.82,515
2025-06-20T10:15:08Z,HDFCBANK,1660.85,877
2025-06-20T10:15:09Z,HDFCBANK,1541.96,566
2025-06-20T10:15:10Z,HDFCBANK,1590.51,721
2025-06-20T10:15:11Z,HDFCBANK,1537.19,587
2025-06-20T10:15:12Z,HDFCBANK,1542.16,357
2025-06-20T10:15:13Z,HDFCBANK,1666.06,828
2025-06-20T10:15:14Z,HDFCBANK,1674.36,277
2025-06-20T10:15:15Z,HDFCBANK,1638.15,962
2025-06-20T10:15:16Z,HDFCBANK,1567.47,646
2025-06-20T10:15:17Z,HDFCBANK,1547.93,925
2025-06-20T10:15:18Z,HDFCBANK,1698.48,605
2025-06-20T10:15:19Z,HDFCBANK,1508.67,622
2025-06-20T10:15:20Z,HDFCBANK,1503.21,479
2025-06-20T10:15:21Z,HDFCBANK,1526.36,430
2025-06-20T10:15:22Z,HDFCBANK,1652.83,195
2025-06-20T10:15:23Z,HDFCBANK,1609.44,363
2025-06-20T10:15:24Z,HDFCBANK,1683.43,826
2025-06-20T10:15:25Z,HDFCBANK,1691.94,882
2025-06-20T10:15:26Z,HDFCBANK,1648.72,884
2025-06-20T10:15:27Z,HDFCBANK,1591.46,112
2025-06-20T10:15:28Z,HDFCBANK,1512.02,510
2025-06-20T10:15:29Z,HDFCBANK,1610.21,997
2025-06-20T10:15:30Z,HDFCBANK,1697.23,767
2025-06-20T10:15:31Z,HDFCBANK,1566.33,957
2025-06-20T10:15:32Z,HDFCBANK,1655.17,739
2025-06-20T10:15:33Z,HDFCBANK,1562.74,288
2025-06-20T10:15:34Z,HDFCBANK,1580.79,531
2025-06-20T10:15:35Z,HDFCBANK,1604.16,781
2025-06-20T10:15:36Z,HDFCBANK,1597.53,341
2025-06-20T10:15:37Z,HDFCBANK,1621.8,411
2025-06-20T10:15:38Z,HDFCBANK,1665.34,771
2025-06-20T10:15:39Z,HDFCBANK,1572.34,733
2025-06-20T10:15:40Z,HDFCBANK,1571.68,139
2025-06-20T10:15:41Z,HDFCBANK,1677.54,885
2025-06-20T10:15:42Z,HDFCBANK,1528.11,932
2025-06-20T10:15:43Z,HDFCBANK,1615.19,446
2025-06-20T10:15:44Z,HDFCBANK,1541.7,390
2025-06-20T10:15:45Z,HDFCBANK,1521.66,653
2025-06-20T10:15:46Z,HDFCBANK,1568.42,514
2025-06-20T10:15:47Z,HDFCBANK,1565.57,303
2025-06-20T10:15:48Z,HDFCBANK,1645.59,525
2025-06-20T10:15:49Z,HDFCBANK,1638.73,657
2025-06-20T10:15:50Z,HDFCBANK,1542.29,365
2025-06-20T10:15:51Z,HDFCBANK,1679.2,594
2025-06-20T10:15:52Z,HDFCBANK,1672.44,116
2025-06-20T10:15:53Z,HDFCBANK,1584.14,505
2025-06-20T10:15:54Z,HDFCBANK,1579.87,762
2025-06-20T10:15:55Z,HDFCBANK,1589.62,601
2025-06-20T10:15:56Z,HDFCBANK,1645.49,869
2025-06-20T10:15:57Z,HDFCBANK,1575.08,245
2025-06-20T10:15:58Z,HDFCBANK,1599.59,111
2025-06-20T10:15:59Z,HDFCBANK,1594.66,406
2025-06-20T10:16:00Z,HDFCBANK,1540.6,559
2025-06-20T10:16:01Z,HDFCBANK,1538.35,976
2025-06-20T10:16:02Z,HDFCBANK,1614.12,240
2025-06-20T10:16:03Z,HDFCBANK,1641.74,613
2025-06-20T10:16:04Z,HDFCBANK,1639.41,611
2025-06-20T10:16:05Z,HDFCBANK,1555.44,817
2025-06-20T10:16:06Z,HDFCBANK,1550.75,527
2025-06-20T10:16:07Z,HDFCBANK,1525.74,354
2025-06-20T10:16:08Z,HDFCBANK,1696.73,716
2025-06-20T10:16:09Z,HDFCBANK,1523.96,129
2025-06-20T10:16:10Z,HDFCBANK,1693.51,921
2025-06-20T10:16:11Z,HDFCBANK,1578.1,972
2025-06-20T10:16:12Z,HDFCBANK,1594.92,251
2025-06-20T10:16:13Z,HDFCBANK,1669.54,581
2025-06-20T10:16:14Z,HDFCBANK,1527.6,479
2025-06-20T10:16:15Z,HDFCBANK,1608.72,273
2025-06-20T10:16:16Z,HDFCBANK,1656.94,973
2025-06-20T10:16:17Z,HDFCBANK,1571.89,737
2025-06-20T10:16:18Z,HDFCBANK,1635.41,326
2025-06-20T10:16:19Z,HDFCBANK,1567.78,731
2025-06-20T10:16:20Z,HDFCBANK,1550.88,754
2025-06-20T10:16:21Z,HDFCBANK,1535.11,388
2025-06-20T10:16:22Z,HDFCBANK,1580.33,577
2025-06-20T10:16:23Z,HDFCBANK,1526.31,947
2025-06-20T10:16:24Z,HDFCBANK,1691.22,978
2025-06-20T10:16:25Z,HDFCBANK,1618.76,914
2025-06-20T10:16:26Z,HDFCBANK,1639.79,972
2025-06-20T10:16:27Z,HDFCBANK,1612.53,361
2025-06-20T10:16:28Z,HDFCBANK,1548.71,896
2025-06-20T10:16:29Z,HDFCBANK,1622.38,199
2025-06-20T10:16:30Z,HDFCBANK,1629.84,271
2025-06-20T10:16:31Z,HDFCBANK,1596.64,996
2025-06-20T10:16:32Z,HDFCBANK,1658.19,992
2025-06-20T10:16:33Z,HDFCBANK,1692.36,378
2025-06-20T10:16:34Z,HDFCBANK,1581.96,874
2025-06-20T10:16:35Z,HDFCBANK,1523.81,668
2025-06-20T10:16:36Z,HDFCBANK,1641.84,118
2025-06-20T10:16:37Z,HDFCBANK,1503.8,473
2025-06-20T10:16:38Z,HDFCBANK,1568.91,956
2025-06-20T10:16:39Z,HDFCBANK,1573.24,318
2025-06-20T10:00:00Z,TCS,3505.11,457
2025-06-20T10:00:01Z,TCS,3631.39,426
2025-06-20T10:00:02Z,TCS,3512.8,168
2025-06-20T10:00:03Z,TCS,3425.72,670
2025-06-20T10:00:04Z,TCS,3525.0,111
2025-06-20T10:00:05Z,TCS,3596.12,421
2025-06-20T10:00:06Z,TCS,3585.31,953
2025-06-20T10:00:07Z,TCS,3387.18,239
2025-06-20T10:00:08Z,TCS,3451.26,861
2025-06-20T10:00:09Z,TCS,3330.36,789
2025-06-20T10:00:10Z,TCS,3438.03,422
2025-06-20T10:00:11Z,TCS,3667.84,183
2025-06-20T10:00:12Z,TCS,3460.24,988
2025-06-20T10:00:13Z,TCS,3583.11,177
2025-06-20T10:00:14Z,TCS,3470.08,505
2025-06-20T10:00:15Z,TCS,3317.4,510
2025-06-20T10:00:16Z,TCS,3319.16,850
2025-06-20T10:00:17Z,TCS,3618.56,904
2025-06-20T10:00:18Z,TCS,3568.77,241
2025-06-20T10:00:19Z,TCS,3451.43,200
2025-06-20T10:00:20Z,TCS,3361.58,671
2025-06-20T10:00:21Z,TCS,3315.43,795
2025-06-20T10:00:22Z,TCS,3309.05,524
2025-06-20T10:00:23Z,TCS,3671.64,520
2025-06-20T10:00:24Z,TCS,3511.36,653
2025-06-20T10:00:25Z,TCS,3367.86,913
2025-06-20T10:00:26Z,TCS,3569.13,872
2025-06-20T10:00:27Z,TCS,3572.84,674
2025-06-20T10:00:28Z,TCS,3504.5,333
2025-06-20T10:00:29Z,TCS,3390.68,369
2025-06-20T10:00:30Z,TCS,3619.23,932
2025-06-20T10:00:31Z,TCS,3334.38,194
2025-06-20T10:00:32Z,TCS,3439.97,915
2025-06-20T10:00:33Z,TCS,3331.72,906
2025-06-20T10:00:34Z,TCS,3464.13,709
2025-06-20T10:00:35Z,TCS,3315.69,890
2025-06-20T10:00:36Z,TCS,3489.39,269
2025-06-20T10:00:37Z,TCS,3659.71,994
2025-06-20T10:00:38Z,TCS,3491.34,929
2025-06-20T10:00:39Z,TCS,3470.58,320
2025-06-20T10:00:40Z,TCS,3643.84,267
2025-06-20T10:00:41Z,TCS,3469.36,618
2025-06-20T10:00:42Z,TCS,3445.73,660
2025-06-20T10:00:43Z,TCS,3370.77,127
2025-06-20T10:00:44Z,TCS,3615.49,934
2025-06-20T10:00:45Z,TCS,3320.53,751
2025-06-20T10:00:46Z,TCS,3422.13,969
2025-06-20T10:00:47Z,TCS,3566.44,712
2025-06-20T10:00:48Z,TCS,3342.47,351
2025-06-20T10:00:49Z,TCS,3684.94,269
2025-06-20T10:00:50Z,TCS,3482.61,403
2025-06-20T10:00:51Z,TCS,3315.44,999
2025-06-20T10:00:52Z,TCS,3379.7,987
2025-06-20T10:00:53Z,TCS,3654.36,330
2025-06-20T10:00:54Z,TCS,3403.51,591
2025-06-20T10:00:55Z,TCS,3455.17,564
2025-06-20T10:00:56Z,TCS,3585.6,331
2025-06-20T10:00:57Z,TCS,3328.7,367
2025-06-20T10:00:58Z,TCS,3524.68,907
2025-06-20T10:00:59Z,TCS,3511.28,600
2025-06-20T10:01:00Z,TCS,3330.87,250
2025-06-20T10:01:01Z,TCS,3452.24,453
2025-06-20T10:01:02Z,TCS,3408.73,303
2025-06-20T10:01:03Z,TCS,3310.34,927
2025-06-20T10:01:04Z,TCS,3417.29,563
2025-06-20T10:01:05Z,TCS,3424.47,362
2025-06-20T10:01:06Z,TCS,3643.5,302
2025-06-20T10:01:07Z,TCS,3542.14,286
2025-06-20T10:01:08Z,TCS,3366.66,928
2025-06-20T10:01:09Z,TCS,3328.49,182
2025-06-20T10:01:10Z,TCS,3446.61,676
2025-06-20T10:01:11Z,TCS,3304.18,113
2025-06-20T10:01:12Z,TCS,3564.57,361
2025-06-20T10:01:13Z,TCS,3654.95,824
2025-06-20T10:01:14Z,TCS,3437.55,336
2025-06-20T10:01:15Z,TCS,3652.71,726
2025-06-20T10:01:16Z,TCS,3465.79,370
2025-06-20T10:01:17Z,TCS,3488.72,397
2025-06-20T10:01:18Z,TCS,3389.88,173
2025-06-20T10:01:19Z,TCS,3671.47,424
2025-06-20T10:01:20Z,TCS,3460.99,381
2025-06-20T10:01:21Z,TCS,3510.31,674
2025-06-20T10:01:22Z,TCS,3534.56,415
2025-06-20T10:01:23Z,TCS,3466.43,236
2025-06-20T10:01:24Z,TCS,3403.79,756
2025-06-20T10:01:25Z,TCS,3584.97,821
2025-06-20T10:01:26Z,TCS,3432.23,137
2025-06-20T10:01:27Z,TCS,3501.71,511
2025-06-20T10:01:28Z,TCS,3399.81,892
2025-06-20T10:01:29Z,TCS,3699.93,284
2025-06-20T10:01:30Z,TCS,3542.33,738
2025-06-20T10:01:31Z,TCS,3358.66,960
2025-06-20T10:01:32Z,TCS,3370.43,327
2025-06-20T10:01:33Z,TCS,3434.9,159
2025-06-20T10:01:34Z,TCS,3682.21,590
2025-06-20T10:01:35Z,TCS,3648.1,625
2025-06-20T10:01:36Z,TCS,3428.09,534
2025-06-20T10:01:37Z,TCS,3545.58,748
2025-06-20T10:01:38Z,TCS,3683.71,165
2025-06-20T10:01:39Z,TCS,3465.65,973
2025-06-20T10:01:40Z,TCS,3453.82,655
2025-06-20T10:01:41Z,TCS,3303.55,480
2025-06-20T10:01:42Z,TCS,3498.8,522
2025-06-20T10:01:43Z,TCS,3485.5,730
2025-06-20T10:01:44Z,TCS,3348.17,630
2025-06-20T10:01:45Z,TCS,3338.41,800
2025-06-20T10:01:46Z,TCS,3654.47,797
2025-06-20T10:01:47Z,TCS,3378.88,866
2025-06-20T10:01:48Z,TCS,3503.96,903
2025-06-20T10:01:49Z,TCS,3433.72,814
2025-06-20T10:01:50Z,TCS,3619.94,271
2025-06-20T10:01:51Z,TCS,3692.51,143
2025-06-20T10:01:52Z,TCS,3620.74,189
2025-06-20T10:01:53Z,TCS,3609.45,587
2025-06-20T10:01:54Z,TCS,3505.27,806
2025-06-20T10:01:55Z,TCS,3623.67,945
2025-06-20T10:01:56Z,TCS,3641.45,573
2025-06-20T10:01:57Z,TCS,3442.29,191
2025-06-20T10:01:58Z,TCS,3359.9,260
2025-06-20T10:01:59Z,TCS,3335.15,882
2025-06-20T10:02:00Z,TCS,3303.62,216
2025-06-20T10:02:01Z,TCS,3422.17,241
2025-06-20T10:02:02Z,TCS,3561.28,944
2025-06-20T10:02:03Z,TCS,3524.13,654
2025-06-20T10:02:04Z,TCS,3655.14,880
2025-06-20T10:02:05Z,TCS,3587.55,452
2025-06-20T10:02:06Z,TCS,3394.14,607
2025-06-20T10:02:07Z,TCS,3640.94,643
2025-06-20T10:02:08Z,TCS,3693.54,689
2025-06-20T10:02:09Z,TCS,3487.33,810
2025-06-20T10:02:10Z,TCS,3548.52,306
2025-06-20T10:02:11Z,TCS,3346.74,925
2025-06-20T10:02:12Z,TCS,3343.21,612
2025-06-20T10:02:13Z,TCS,3533.62,621
2025-06-20T10:02:14Z,TCS,3646.45,416
2025-06-20T10:02:15Z,TCS,3573.56,480
2025-06-20T10:02:16Z,TCS,3632.87,214
2025-06-20T10:02:17Z,TCS,3579.63,189
2025-06-20T10:02:18Z,TCS,3656.34,225
2025-06-20T10:02:19Z,TCS,3331.8,670
2025-06-20T10:02:20Z,TCS,3542.88,895
2025-06-20T10:02:21Z,TCS,3498.56,896
2025-06-20T10:02:22Z,TCS,3340.8,318
2025-06-20T10:02:23Z,TCS,3349.93,377
2025-06-20T10:02:24Z,TCS,3344.79,635
2025-06-20T10:02:25Z,TCS,3622.27,177
2025-06-20T10:02:26Z,TCS,3678.0,644
2025-06-20T10:02:27Z,TCS,3423.16,899
2025-06-20T10:02:28Z,TCS,3397.58,497
2025-06-20T10:02:29Z,TCS,3431.53,145
2025-06-20T10:02:30Z,TCS,3424.13,311
2025-06-20T10:02:31Z,TCS,3650.48,155
2025-06-20T10:02:32Z,TCS,3499.95,897
2025-06-20T10:02:33Z,TCS,3358.74,307
2025-06-20T10:02:34Z,TCS,3576.39,955
2025-06-20T10:02:35Z,TCS,3351.16,519
2025-06-20T10:02:36Z,TCS,3385.92,170
2025-06-20T10:02:37Z,TCS,3625.12,113
2025-06-20T10:02:38Z,TCS,3472.1,631
2025-06-20T10:02:39Z,TCS,3498.77,409
2025-06-20T10:02:40Z,TCS,3540.39,899
2025-06-20T10:02:41Z,TCS,3498.2,962
2025-06-20T10:02:42Z,TCS,3541.6,890
2025-06-20T10:02:43Z,TCS,3374.18,405
2025-06-20T10:02:44Z,TCS,3477.08,473
2025-06-20T10:02:45Z,TCS,3550.14,955
2025-06-20T10:02:46Z,TCS,3488.16,589
2025-06-20T10:02:47Z,TCS,3633.11,476
2025-06-20T10:02:48Z,TCS,3643.13,709
2025-06-20T10:02:49Z,TCS,3582.9,491
2025-06-20T10:02:50Z,TCS,3334.99,111
2025-06-20T10:02:51Z,TCS,3587.31,828
2025-06-20T10:02:52Z,TCS,3432.53,174
2025-06-20T10:02:53Z,TCS,3561.84,950
2025-06-20T10:02:54Z,TCS,3582.56,703
2025-06-20T10:02:55Z,TCS,3402.4,597
2025-06-20T10:02:56Z,TCS,3577.63,621
2025-06-20T10:02:57Z,TCS,3528.14,819
2025-06-20T10:02:58Z,TCS,3332.94,852
2025-06-20T10:02:59Z,TCS,3375.7,518
2025-06-20T10:03:00Z,TCS,3405.59,423
2025-06-20T10:03:01Z,TCS,3461.55,581
2025-06-20T10:03:02Z,TCS,3682.46,110
2025-06-20T10:03:03Z,TCS,3682.93,793
2025-06-20T10:03:04Z,TCS,3638.2,608
2025-06-20T10:03:05Z,TCS,3430.87,779
2025-06-20T10:03:06Z,TCS,3498.15,117
2025-06-20T10:03:07Z,TCS,3365.72,537
2025-06-20T10:03:08Z,TCS,3538.98,395
2025-06-20T10:03:09Z,TCS,3316.83,823
2025-06-20T10:03:10Z,TCS,3347.81,859
2025-06-20T10:03:11Z,TCS,3513.71,351
2025-06-20T10:03:12Z,TCS,3490.14,589
2025-06-20T10:03:13Z,TCS,3457.27,875
2025-06-20T10:03:14Z,TCS,3386.76,929
2025-06-20T10:03:15Z,TCS,3300.23,667
2025-06-20T10:03:16Z,TCS,3657.96,720
2025-06-20T10:03:17Z,TCS,3612.05,485
2025-06-20T10:03:18Z,TCS,3470.42,757
2025-06-20T10:03:19Z,TCS,3698.71,626
2025-06-20T10:03:20Z,TCS,3312.58,687
2025-06-20T10:03:21Z,TCS,3342.55,397
2025-06-20T10:03:22Z,TCS,3378.42,928
2025-06-20T10:03:23Z,TCS,3555.28,641
2025-06-20T10:03:24Z,TCS,3403.54,836
2025-06-20T10:03:25Z,TCS,3497.62,456
2025-06-20T10:03:26Z,TCS,3448.95,274
2025-06-20T10:03:27Z,TCS,3443.47,207
2025-06-20T10:03:28Z,TCS,3427.01,400
2025-06-20T10:03:29Z,TCS,3560.99,994
2025-06-20T10:03:30Z,TCS,3652.38,278
2025-06-20T10:03:31Z,TCS,3499.32,789
2025-06-20T10:03:32Z,TCS,3646.4,754
2025-06-20T10:03:33Z,TCS,3595.53,527
2025-06-20T10:03:34Z,TCS,3535.9,180
2025-06-20T10:03:35Z,TCS,3620.82,238
2025-06-20T10:03:36Z,TCS,3471.47,545
2025-06-20T10:03:37Z,TCS,3538.41,578
2025-06-20T10:03:38Z,TCS,3371.41,907
2025-06-20T10:03:39Z,TCS,3643.66,390
2025-06-20T10:03:40Z,TCS,3436.51,523
2025-06-20T10:03:41Z,TCS,3570.24,937
2025-06-20T10:03:42Z,TCS,3354.27,256
2025-06-20T10:03:43Z,TCS,3548.73,885
2025-06-20T10:03:44Z,TCS,3535.08,168
2025-06-20T10:03:45Z,TCS,3493.87,151
2025-06-20T10:03:46Z,TCS,3338.88,941
2025-06-20T10:03:47Z,TCS,3382.32,777
2025-06-20T10:03:48Z,TCS,3488.17,133
2025-06-20T10:03:49Z,TCS,3551.83,688
2025-06-20T10:03:50Z,TCS,3392.67,733
2025-06-20T10:03:51Z,TCS,3607.87,648
2025-06-20T10:03:52Z,TCS,3520.76,488
2025-06-20T10:03:53Z,TCS,3403.24,986
2025-06-20T10:03:54Z,TCS,3347.39,871
2025-06-20T10:03:55Z,TCS,3414.45,295
2025-06-20T10:03:56Z,TCS,3429.9,779
2025-06-20T10:03:57Z,TCS,3599.42,987
2025-06-20T10:03:58Z,TCS,3450.05,626
2025-06-20T10:03:59Z,TCS,3377.44,675
2025-06-20T10:04:00Z,TCS,3367.8,640
2025-06-20T10:04:01Z,TCS,3460.66,998
2025-06-20T10:04:02Z,TCS,3635.73,612
2025-06-20T10:04:03Z,TCS,3637.94,996
2025-06-20T10:04:04Z,TCS,3328.72,953
2025-06-20T10:04:05Z,TCS,3441.62,195
2025-06-20T10:04:06Z,TCS,3577.85,666
2025-06-20T10:04:07Z,TCS,3618.55,707
2025-06-20T10:04:08Z,TCS,3561.43,356
2025-06-20T10:04:09Z,TCS,3543.92,444
2025-06-20T10:04:10Z,TCS,3327.29,620
2025-06-20T10:04:11Z,TCS,3311.06,625
2025-06-20T10:04:12Z,TCS,3551.44,330
2025-06-20T10:04:13Z,TCS,3589.88,368
2025-06-20T10:04:14Z,TCS,3306.33,186
2025-06-20T10:04:15Z,TCS,3674.79,477
2025-06-20T10:04:16Z,TCS,3534.54,313
2025-06-20T10:04:17Z,TCS,3671.87,100
2025-06-20T10:04:18Z,TCS,3651.15,256
2025-06-20T10:04:19Z,TCS,3433.21,529
2025-06-20T10:04:20Z,TCS,3495.63,678
2025-06-20T10:04:21Z,TCS,3443.36,333
2025-06-20T10:04:22Z,TCS,3460.69,433
2025-06-20T10:04:23Z,TCS,3563.64,332
2025-06-20T10:04:24Z,TCS,3558.98,342
2025-06-20T10:04:25Z,TCS,3403.66,570
2025-06-20T10:04:26Z,TCS,3388.64,330
2025-06-20T10:04:27Z,TCS,3578.95,997
2025-06-20T10:04:28Z,TCS,3613.24,176
2025-06-20T10:04:29Z,TCS,3412.86,558
2025-06-20T10:04:30Z,TCS,3668.93,418
2025-06-20T10:04:31Z,TCS,3683.17,362
2025-06-20T10:04:32Z,TCS,3625.36,718
2025-06-20T10:04:33Z,TCS,3691.54,877
2025-06-20T10:04:34Z,TCS,3582.71,709
2025-06-20T10:04:35Z,TCS,3321.32,799
2025-06-20T10:04:36Z,TCS,3422.42,600
2025-06-20T10:04:37Z,TCS,3356.99,595
2025-06-20T10:04:38Z,TCS,3591.06,276
2025-06-20T10:04:39Z,TCS,3326.09,238
2025-06-20T10:04:40Z,TCS,3498.41,260
2025-06-20T10:04:41Z,TCS,3301.1,645
2025-06-20T10:04:42Z,TCS,3367.79,674
2025-06-20T10:04:43Z,TCS,3563.53,287
2025-06-20T10:04:44Z,TCS,3624.61,478
2025-06-20T10:04:45Z,TCS,3538.87,635
2025-06-20T10:04:46Z,TCS,3504.8,371
2025-06-20T10:04:47Z,TCS,3679.07,283
2025-06-20T10:04:48Z,TCS,3381.73,789
2025-06-20T10:04:49Z,TCS,3530.21,311
2025-06-20T10:04:50Z,TCS,3449.49,612
2025-06-20T10:04:51Z,TCS,3376.62,709
2025-06-20T10:04:52Z,TCS,3332.77,107
2025-06-20T10:04:53Z,TCS,3538.2,875
2025-06-20T10:04:54Z,TCS,3690.51,842
2025-06-20T10:04:55Z,TCS,3519.17,540
2025-06-20T10:04:56Z,TCS,3369.72,337
2025-06-20T10:04:57Z,TCS,3656.13,185
2025-06-20T10:04:58Z,TCS,3499.16,636
2025-06-20T10:04:59Z,TCS,3532.77,564
2025-06-20T10:05:00Z,TCS,3484.39,820
2025-06-20T10:05:01Z,TCS,3370.16,597
2025-06-20T10:05:02Z,TCS,3625.23,824
2025-06-20T10:05:03Z,TCS,3339.19,814
2025-06-20T10:05:04Z,TCS,3678.68,427
2025-06-20T10:05:05Z,TCS,3613.77,784
2025-06-20T10:05:06Z,TCS,3367.55,145
2025-06-20T10:05:07Z,TCS,3426.91,790
2025-06-20T10:05:08Z,TCS,3641.97,827
2025-06-20T10:05:09Z,TCS,3422.55,392
2025-06-20T10:05:10Z,TCS,3363.33,648
2025-06-20T10:05:11Z,TCS,3652.67,106
2025-06-20T10:05:12Z,TCS,3453.13,716
2025-06-20T10:05:13Z,TCS,3543.08,640
2025-06-20T10:05:14Z,TCS,3623.58,141
2025-06-20T10:05:15Z,TCS,3470.22,703
2025-06-20T10:05:16Z,TCS,3354.37,540
2025-06-20T10:05:17Z,TCS,3586.95,797
2025-06-20T10:05:18Z,TCS,3430.2,352
2025-06-20T10:05:19Z,TCS,3473.41,673
2025-06-20T10:05:20Z,TCS,3666.69,576
2025-06-20T10:05:21Z,TCS,3596.58,513
2025-06-20T10:05:22Z,TCS,3616.46,604
2025-06-20T10:05:23Z,TCS,3343.82,620
2025-06-20T10:05:24Z,TCS,3586.29,440
2025-06-20T10:05:25Z,TCS,3599.26,808
2025-06-20T10:05:26Z,TCS,3645.24,533
2025-06-20T10:05:27Z,TCS,3592.98,612
2025-06-20T10:05:28Z,TCS,3687.74,879
2025-06-20T10:05:29Z,TCS,3348.25,790
2025-06-20T10:05:30Z,TCS,3658.66,904
2025-06-20T10:05:31Z,TCS,3314.64,228
2025-06-20T10:05:32Z,TCS,3659.35,732
2025-06-20T10:05:33Z,TCS,3439.58,261
2025-06-20T10:05:34Z,TCS,3655.79,635
2025-06-20T10:05:35Z,TCS,3331.3,480
2025-06-20T10:05:36Z,TCS,3449.05,458
2025-06-20T10:05:37Z,TCS,3373.27,945
2025-06-20T10:05:38Z,TCS,3615.06,159
2025-06-20T10:05:39Z,TCS,3632.98,288
2025-06-20T10:05:40Z,TCS,3698.57,437
2025-06-20T10:05:41Z,TCS,3493.16,269
2025-06-20T10:05:42Z,TCS,3300.82,827
2025-06-20T10:05:43Z,TCS,3346.38,411
2025-06-20T10:05:44Z,TCS,3365.42,262
2025-06-20T10:05:45Z,TCS,3518.79,306
2025-06-20T10:05:46Z,TCS,3658.62,927
2025-06-20T10:05:47Z,TCS,3478.6,825
2025-06-20T10:05:48Z,TCS,3340.72,654
2025-06-20T10:05:49Z,TCS,3308.91,861
2025-06-20T10:05:50Z,TCS,3612.03,518
2025-06-20T10:05:51Z,TCS,3400.19,396
2025-06-20T10:05:52Z,TCS,3574.88,482
2025-06-20T10:05:53Z,TCS,3439.73,215
2025-06-20T10:05:54Z,TCS,3437.27,827
2025-06-20T10:05:55Z,TCS,3463.7,119
2025-06-20T10:05:56Z,TCS,3641.24,448
2025-06-20T10:05:57Z,TCS,3486.98,510
2025-06-20T10:05:58Z,TCS,3636.94,837
2025-06-20T10:05:59Z,TCS,3469.56,315
2025-06-20T10:06:00Z,TCS,3685.98,676
2025-06-20T10:06:01Z,TCS,3379.91,549
2025-06-20T10:06:02Z,TCS,3553.91,993
2025-06-20T10:06:03Z,TCS,3612.1,107
2025-06-20T10:06:04Z,TCS,3329.77,409
2025-06-20T10:06:05Z,TCS,3461.27,283
2025-06-20T10:06:06Z,TCS,3639.23,498
2025-06-20T10:06:07Z,TCS,3393.9,378
2025-06-20T10:06:08Z,TCS,3603.27,687
2025-06-20T10:06:09Z,TCS,3527.23,938
2025-06-20T10:06:10Z,TCS,3528.74,237
2025-06-20T10:06:11Z,TCS,3463.93,287
2025-06-20T10:06:12Z,TCS,3454.76,512
