Timestamp,Symbol,Price,Volume
2025-06-20 10:00:00.0,HDFCBANK,1641.17,752.0
2025-06-20 10:00:01.0,HDFCBANK,1612.2,800.0
2025-06-20 10:00:01.0,HDFCBANK,1530.91,575.0
2025-06-20 10:00:02.0,HDFCBANK,1644.95,885.0
2025-06-20 10:00:03.0,HDFCBANK,1656.86,168.0
2025-06-20 10:00:04.0,HDFCBANK,1585.58,678.0
2025-06-20 10:00:05.0,HDFCBANK,1584.66,708.0
2025-06-20 10:00:06.0,HDFCBANK,1626.9,415.0
2025-06-20 10:00:07.0,HDFCBANK,1563.35,523.0
2025-06-20 10:00:08.0,HDFCBANK,1548.25,224.0
2025-06-20 10:00:09.0,HDFCBANK,1516.35,133.0
2025-06-20 10:00:10.0,HDFCBANK,1656.4,825.0
2025-06-20 10:00:11.0,HDFCBANK,1524.22,744.0
2025-06-20 10:00:12.0,HDFCBANK,1587.36,904.0
2025-06-20 10:00:13.0,HDFCBANK,1573.16,510.0
2025-06-20 10:00:14.0,HDFCBANK,1650.94,988.0
2025-06-20 10:00:15.0,HDFCBANK,1584.05,684.0
2025-06-20 10:00:16.0,HDFCBANK,1516.5,557.0
2025-06-20 10:00:17.0,HDFCBANK,1511.92,904.0
2025-06-20 10:00:18.0,HDFCBANK,1613.6,683.0
2025-06-20 10:00:19.0,HDFCBANK,1501.94,161.0
2025-06-20 10:00:20.0,HDFCBANK,1644.07,573.0
2025-06-20 10:00:21.0,HDFCBANK,1585.98,157.0
2025-06-20 10:00:22.0,HDFCBANK,1695.91,512.0
2025-06-20 10:00:23.0,HDFCBANK,1679.29,705.0
2025-06-20 10:00:24.0,HDFCBANK,1507.06,924.0
2025-06-20 10:00:25.0,HDFCBANK,1685.91,290.0
2025-06-20 10:00:26.0,HDFCBANK,1524.03,369.0
2025-06-20 10:00:27.0,HDFCBANK,1591.73,463.0
2025-06-20 10:00:28.0,HDFCBANK,1573.45,476.0
2025-06-20 10:00:29.0,HDFCBANK,1576.42,547.0
2025-06-20 10:00:30.0,HDFCBANK,1651.15,736.0
2025-06-20 10:00:31.0,HDFCBANK,1675.81,905.0
2025-06-20 10:00:32.0,HDFCBANK,1563.88,699.0
2025-06-20 10:00:33.0,HDFCBANK,1617.66,712.0
2025-06-20 10:00:34.0,HDFCBANK,1519.49,684.0
2025-06-20 10:00:35.0,HDFCBANK,1517.65,554.0
2025-06-20 10:00:36.0,HDFCBANK,1574.64,495.0
2025-06-20 10:00:37.0,HDFCBANK,1695.37,969.0
2025-06-20 10:00:38.0,HDFCBANK,1684.56,572.0
2025-06-20 10:00:39.0,HDFCBANK,1650.56,934.0
2025-06-20 10:00:40.0,HDFCBANK,1612.84,476.0
2025-06-20 10:00:41.0,HDFCBANK,1591.33,901.0
2025-06-20 10:00:42.0,HDFCBANK,1635.67,583.0
2025-06-20 10:00:43.0,HDFCBANK,1557.02,447.0
2025-06-20 10:00:44.0,HDFCBANK,1500.88,410.0
2025-06-20 10:00:45.0,HDFCBANK,1576.93,796.0
2025-06-20 10:00:46.0,HDFCBANK,1694.04,195.0
2025-06-20 10:00:47.0,HDFCBANK,1615.51,983.0
2025-06-20 10:00:48.0,HDFCBANK,1643.96,953.0
2025-06-20 10:00:49.0,HDFCBANK,1527.14,962.0
2025-06-20 10:00:50.0,HDFCBANK,1529.91,801.0
2025-06-20 10:00:51.0,HDFCBANK,1618.44,105.0
2025-06-20 10:00:52.0,HDFCBANK,1686.48,515.0
2025-06-20 10:00:53.0,HDFCBANK,1554.4,719.0
2025-06-20 10:00:54.0,HDFCBANK,1549.7,279.0
2025-06-20 10:00:55.0,HDFCBANK,1679.76,984.0
2025-06-20 10:00:56.0,HDFCBANK,1540.54,552.0
2025-06-20 10:00:57.0,HDFCBANK,1660.22,360.0
2025-06-20 10:00:58.0,HDFCBANK,1683.01,932.0
2025-06-20 10:00:59.0,HDFCBANK,1582.45,657.0
2025-06-20 10:01:00.0,HDFCBANK,1649.18,888.0
2025-06-20 10:01:01.0,HDFCBANK,1547.39,292.0
2025-06-20 10:01:02.0,HDFCBANK,1646.42,139.0
2025-06-20 10:01:03.0,HDFCBANK,1620.38,238.0
2025-06-20 10:01:04.0,HDFCBANK,1513.46,102.0
2025-06-20 10:01:05.0,HDFCBANK,1686.15,376.0
2025-06-20 10:01:06.0,HDFCBANK,1559.9,282.0
2025-06-20 10:01:07.0,HDFCBANK,1500.69,492.0
2025-06-20 10:01:08.0,HDFCBANK,1516.76,639.0
2025-06-20 10:01:09.0,HDFCBANK,1551.73,667.0
2025-06-20 10:01:10.0,HDFCBANK,1503.69,582.0
2025-06-20 10:01:11.0,HDFCBANK,1637.89,138.0
2025-06-20 10:01:12.0,HDFCBANK,1543.68,895.0
2025-06-20 10:01:13.0,HDFCBANK,1522.58,713.0
2025-06-20 10:01:14.0,HDFCBANK,1541.5,416.0
2025-06-20 10:01:15.0,HDFCBANK,1595.72,301.0
2025-06-20 10:01:16.0,HDFCBANK,1501.79,602.0
2025-06-20 10:01:17.0,HDFCBANK,1612.66,883.0
2025-06-20 10:01:18.0,HDFCBANK,1694.04,990.0
2025-06-20 10:01:19.0,HDFCBANK,1520.74,824.0
2025-06-20 10:01:20.0,HDFCBANK,1552.77,813.0
2025-06-20 10:01:21.0,HDFCBANK,1657.65,726.0
2025-06-20 10:01:22.0,HDFCBANK,1692.94,839.0
2025-06-20 10:01:23.0,HDFCBANK,1510.67,277.0
2025-06-20 10:01:24.0,HDFCBANK,1661.5,371.0
2025-06-20 10:01:25.0,HDFCBANK,1653.82,368.0
2025-06-20 10:01:26.0,HDFCBANK,1570.7,417.0
2025-06-20 10:01:27.0,HDFCBANK,1583.62,126.0
2025-06-20 10:01:28.0,HDFCBANK,1656.69,555.0
2025-06-20 10:01:29.0,HDFCBANK,1695.16,123.0
2025-06-20 10:01:30.0,HDFCBANK,1545.22,677.0
2025-06-20 10:01:31.0,HDFCBANK,1570.84,226.0
2025-06-20 10:01:32.0,HDFCBANK,1566.08,790.0
2025-06-20 10:01:33.0,HDFCBANK,1639.67,427.0
2025-06-20 10:01:34.0,HDFCBANK,1590.02,269.0
2025-06-20 10:01:35.0,HDFCBANK,1552.01,168.0
2025-06-20 10:01:36.0,HDFCBANK,1505.78,798.0
2025-06-20 10:01:37.0,HDFCBANK,1500.06,334.0
2025-06-20 10:01:38.0,HDFCBANK,1513.04,868.0
2025-06-20 10:01:39.0,HDFCBANK,1527.29,559.0
2025-06-20 10:01:40.0,HDFCBANK,1615.87,720.0
2025-06-20 10:01:41.0,HDFCBANK,1519.38,611.0
2025-06-20 10:01:42.0,HDFCBANK,1568.13,327.0
2025-06-20 10:01:43.0,HDFCBANK,1599.47,182.0
2025-06-20 10:01:44.0,HDFCBANK,1644.79,888.0
2025-06-20 10:01:45.0,HDFCBANK,1676.69,188.0
2025-06-20 10:01:46.0,HDFCBANK,1506.06,839.0
2025-06-20 10:01:47.0,HDFCBANK,1625.24,142.0
2025-06-20 10:01:48.0,HDFCBANK,1639.22,865.0
2025-06-20 10:01:49.0,HDFCBANK,1520.92,236.0
2025-06-20 10:01:50.0,HDFCBANK,1565.41,400.0
2025-06-20 10:01:51.0,HDFCBANK,1533.96,301.0
2025-06-20 10:01:52.0,HDFCBANK,1676.95,491.0
2025-06-20 10:01:53.0,HDFCBANK,1622.94,272.0
2025-06-20 10:01:54.0,HDFCBANK,1521.55,772.0
2025-06-20 10:01:55.0,HDFCBANK,1525.84,205.0
2025-06-20 10:01:56.0,HDFCBANK,1694.48,341.0
2025-06-20 10:01:57.0,HDFCBANK,1664.0,364.0
2025-06-20 10:01:58.0,HDFCBANK,1596.62,634.0
2025-06-20 10:01:59.0,HDFCBANK,1513.58,294.0
2025-06-20 10:02:00.0,HDFCBANK,1559.69,453.0
2025-06-20 10:02:01.0,HDFCBANK,1511.02,124.0
2025-06-20 10:02:02.0,HDFCBANK,1574.88,779.0
2025-06-20 10:02:03.0,HDFCBANK,1544.82,895.0
2025-06-20 10:02:04.0,HDFCBANK,1502.23,613.0
2025-06-20 10:02:05.0,HDFCBANK,1638.83,666.0
2025-06-20 10:02:06.0,HDFCBANK,1507.17,706.0
2025-06-20 10:02:07.0,HDFCBANK,1502.8,616.0
2025-06-20 10:02:08.0,HDFCBANK,1616.27,210.0
2025-06-20 10:02:09.0,HDFCBANK,1575.88,745.0
2025-06-20 10:02:10.0,HDFCBANK,1526.6,837.0
2025-06-20 10:02:11.0,HDFCBANK,1583.73,572.0
2025-06-20 10:02:12.0,HDFCBANK,1657.34,387.0
2025-06-20 10:02:13.0,HDFCBANK,1679.09,148.0
2025-06-20 10:02:14.0,HDFCBANK,1510.27,561.0
2025-06-20 10:02:15.0,HDFCBANK,1507.96,414.0
2025-06-20 10:02:16.0,HDFCBANK,1648.51,521.0
2025-06-20 10:02:17.0,HDFCBANK,1539.44,751.0
2025-06-20 10:02:18.0,HDFCBANK,1691.55,954.0
2025-06-20 10:02:19.0,HDFCBANK,1545.77,816.0
2025-06-20 10:02:20.0,HDFCBANK,1639.82,322.0
2025-06-20 10:02:21.0,HDFCBANK,1574.85,231.0
2025-06-20 10:02:22.0,HDFCBANK,1612.27,889.0
2025-06-20 10:02:23.0,HDFCBANK,1591.41,898.0
2025-06-20 10:02:24.0,HDFCBANK,1656.28,450.0
2025-06-20 10:02:25.0,HDFCBANK,1665.6,486.0
2025-06-20 10:02:26.0,HDFCBANK,1678.63,433.0
2025-06-20 10:02:27.0,HDFCBANK,1625.9,335.0
2025-06-20 10:02:28.0,HDFCBANK,1687.36,962.0
2025-06-20 10:02:29.0,HDFCBANK,1596.43,188.0
2025-06-20 10:02:30.0,HDFCBANK,1610.45,341.0
2025-06-20 10:02:31.0,HDFCBANK,1671.59,223.0
2025-06-20 10:02:32.0,HDFCBANK,1576.13,912.0
2025-06-20 10:02:33.0,HDFCBANK,1506.81,258.0
2025-06-20 10:02:34.0,HDFCBANK,1595.53,978.0
2025-06-20 10:02:35.0,HDFCBANK,1547.5,151.0
2025-06-20 10:02:36.0,HDFCBANK,1583.6,970.0
2025-06-20 10:02:37.0,HDFCBANK,1572.21,387.0
2025-06-20 10:02:38.0,HDFCBANK,1633.82,174.0
2025-06-20 10:02:39.0,HDFCBANK,1532.01,337.0
2025-06-20 10:02:40.0,HDFCBANK,1506.23,794.0
2025-06-20 10:02:41.0,HDFCBANK,1696.67,688.0
2025-06-20 10:02:42.0,HDFCBANK,1513.59,545.0
2025-06-20 10:02:43.0,HDFCBANK,1664.56,299.0
2025-06-20 10:02:44.0,HDFCBANK,1690.33,660.0
2025-06-20 10:02:45.0,HDFCBANK,1581.64,204.0
2025-06-20 10:02:46.0,HDFCBANK,1698.12,110.0
2025-06-20 10:02:47.0,HDFCBANK,1672.55,243.0
2025-06-20 10:02:48.0,HDFCBANK,1509.5,895.0
2025-06-20 10:02:49.0,HDFCBANK,1687.03,781.0
2025-06-20 10:02:50.0,HDFCBANK,1540.25,865.0
2025-06-20 10:02:51.0,HDFCBANK,1643.12,667.0
2025-06-20 10:02:52.0,HDFCBANK,1606.35,923.0
2025-06-20 10:02:53.0,HDFCBANK,1656.35,627.0
2025-06-20 10:02:54.0,HDFCBANK,1517.39,294.0
2025-06-20 10:02:55.0,HDFCBANK,1666.28,478.0
2025-06-20 10:02:56.0,HDFCBANK,1551.71,251.0
2025-06-20 10:02:57.0,HDFCBANK,1512.66,677.0
2025-06-20 10:02:58.0,HDFCBANK,1549.35,411.0
2025-06-20 10:02:59.0,HDFCBANK,1658.39,737.0
2025-06-20 10:03:00.0,HDFCBANK,1532.05,802.0
2025-06-20 10:03:01.0,HDFCBANK,1622.24,474.0
2025-06-20 10:03:02.0,HDFCBANK,1526.77,625.0
2025-06-20 10:03:03.0,HDFCBANK,1643.73,918.0
2025-06-20 10:03:04.0,HDFCBANK,1676.48,952.0
2025-06-20 10:03:05.0,HDFCBANK,1587.51,204.0
2025-06-20 10:03:06.0,HDFCBANK,1639.8,496.0
2025-06-20 10:03:07.0,HDFCBANK,1627.09,529.0
2025-06-20 10:03:08.0,HDFCBANK,1600.77,729.0
2025-06-20 10:03:09.0,HDFCBANK,1617.8,692.0
2025-06-20 10:03:10.0,HDFCBANK,1528.14,855.0
2025-06-20 10:03:11.0,HDFCBANK,1698.93,876.0
2025-06-20 10:03:12.0,HDFCBANK,1505.41,157.0
2025-06-20 10:03:13.0,HDFCBANK,1606.63,332.0
2025-06-20 10:03:14.0,HDFCBANK,1524.27,686.0
2025-06-20 10:03:15.0,HDFCBANK,1623.41,303.0
2025-06-20 10:03:16.0,HDFCBANK,1588.53,254.0
2025-06-20 10:03:17.0,HDFCBANK,1577.63,738.0
2025-06-20 10:03:18.0,HDFCBANK,1609.48,290.0
2025-06-20 10:03:19.0,HDFCBANK,1584.95,501.0
2025-06-20 10:03:20.0,HDFCBANK,1576.48,206.0
2025-06-20 10:03:21.0,HDFCBANK,1689.16,647.0
2025-06-20 10:03:22.0,HDFCBANK,1643.85,244.0
2025-06-20 10:03:23.0,HDFCBANK,1599.14,586.0
2025-06-20 10:03:24.0,HDFCBANK,1653.22,679.0
2025-06-20 10:03:25.0,HDFCBANK,1680.88,582.0
2025-06-20 10:03:26.0,HDFCBANK,1519.72,241.0
2025-06-20 10:03:27.0,HDFCBANK,1539.19,120.0
2025-06-20 10:03:28.0,HDFCBANK,1543.5,566.0
2025-06-20 10:03:29.0,HDFCBANK,1627.44,181.0
2025-06-20 10:03:30.0,HDFCBANK,1528.29,164.0
2025-06-20 10:03:31.0,HDFCBANK,1660.46,865.0
2025-06-20 10:03:32.0,HDFCBANK,1637.69,146.0
2025-06-20 10:03:33.0,HDFCBANK,1662.7,957.0
2025-06-20 10:03:34.0,HDFCBANK,1587.29,926.0
2025-06-20 10:03:35.0,HDFCBANK,1633.02,670.0
2025-06-20 10:03:36.0,HDFCBANK,1682.04,603.0
2025-06-20 10:03:37.0,HDFCBANK,1558.19,261.0
2025-06-20 10:03:38.0,HDFCBANK,1638.16,617.0
2025-06-20 10:03:39.0,HDFCBANK,1693.45,485.0
2025-06-20 10:03:40.0,HDFCBANK,1559.52,365.0
2025-06-20 10:03:41.0,HDFCBANK,1676.44,788.0
2025-06-20 10:03:42.0,HDFCBANK,1658.68,471.0
2025-06-20 10:03:43.0,HDFCBANK,1541.84,646.0
2025-06-20 10:03:44.0,HDFCBANK,1539.09,126.0
2025-06-20 10:03:45.0,HDFCBANK,1609.9,754.0
2025-06-20 10:03:46.0,HDFCBANK,1562.12,983.0
2025-06-20 10:03:47.0,HDFCBANK,1625.11,528.0
2025-06-20 10:03:48.0,HDFCBANK,1572.98,811.0
2025-06-20 10:03:49.0,HDFCBANK,1536.82,224.0
2025-06-20 10:03:50.0,HDFCBANK,1660.93,926.0
2025-06-20 10:03:51.0,HDFCBANK,1521.07,940.0
2025-06-20 10:03:52.0,HDFCBANK,1697.6,464.0
2025-06-20 10:03:53.0,HDFCBANK,1685.52,386.0
2025-06-20 10:03:54.0,HDFCBANK,1695.12,960.0
2025-06-20 10:03:55.0,HDFCBANK,1587.0,355.0
2025-06-20 10:03:56.0,HDFCBANK,1686.08,174.0
2025-06-20 10:03:57.0,HDFCBANK,1688.4,518.0
2025-06-20 10:03:58.0,HDFCBANK,1589.46,345.0
2025-06-20 10:03:59.0,HDFCBANK,1613.91,225.0
2025-06-20 10:04:00.0,HDFCBANK,1618.91,817.0
2025-06-20 10:04:01.0,HDFCBANK,1659.92,646.0
2025-06-20 10:04:02.0,HDFCBANK,1568.61,688.0
2025-06-20 10:04:03.0,HDFCBANK,1532.93,434.0
2025-06-20 10:04:04.0,HDFCBANK,1697.37,248.0
2025-06-20 10:04:05.0,HDFCBANK,1505.81,109.0
2025-06-20 10:04:06.0,HDFCBANK,1695.7,195.0
2025-06-20 10:04:07.0,HDFCBANK,1599.94,341.0
2025-06-20 10:04:08.0,HDFCBANK,1642.99,172.0
2025-06-20 10:04:09.0,HDFCBANK,1659.53,825.0
2025-06-20 10:04:10.0,HDFCBANK,1664.46,731.0
2025-06-20 10:04:11.0,HDFCBANK,1552.04,812.0
2025-06-20 10:04:12.0,HDFCBANK,1658.34,733.0
2025-06-20 10:04:13.0,HDFCBANK,1639.47,709.0
2025-06-20 10:04:14.0,HDFCBANK,1524.9,289.0
2025-06-20 10:04:15.0,HDFCBANK,1541.89,953.0
2025-06-20 10:04:16.0,HDFCBANK,1527.22,409.0
2025-06-20 10:04:17.0,HDFCBANK,1628.97,658.0
2025-06-20 10:04:18.0,HDFCBANK,1610.71,586.0
2025-06-20 10:04:19.0,HDFCBANK,1631.48,397.0
2025-06-20 10:04:20.0,HDFCBANK,1538.42,456.0
2025-06-20 10:04:21.0,HDFCBANK,1643.72,987.0
2025-06-20 10:04:22.0,HDFCBANK,1545.67,261.0
2025-06-20 10:04:23.0,HDFCBANK,1637.63,429.0
2025-06-20 10:04:24.0,HDFCBANK,1615.72,851.0
2025-06-20 10:04:25.0,HDFCBANK,1669.27,338.0
2025-06-20 10:04:26.0,HDFCBANK,1582.05,516.0
2025-06-20 10:04:27.0,HDFCBANK,1642.05,237.0
2025-06-20 10:04:28.0,HDFCBANK,1549.39,441.0
2025-06-20 10:04:29.0,HDFCBANK,1606.99,362.0
2025-06-20 10:04:30.0,HDFCBANK,1653.22,587.0
2025-06-20 10:04:31.0,HDFCBANK,1656.23,565.0
2025-06-20 10:04:32.0,HDFCBANK,1591.15,469.0
2025-06-20 10:04:33.0,HDFCBANK,1619.37,444.0
2025-06-20 10:04:34.0,HDFCBANK,1684.28,379.0
2025-06-20 10:04:35.0,HDFCBANK,1565.56,997.0
2025-06-20 10:04:36.0,HDFCBANK,1693.36,701.0
2025-06-20 10:04:37.0,HDFCBANK,1588.11,607.0
2025-06-20 10:04:38.0,HDFCBANK,1622.8,395.0
2025-06-20 10:04:39.0,HDFCBANK,1578.7,660.0
2025-06-20 10:04:40.0,HDFCBANK,1617.45,199.0
2025-06-20 10:04:41.0,HDFCBANK,1584.25,168.0
2025-06-20 10:04:42.0,HDFCBANK,1666.9,136.0
2025-06-20 10:04:43.0,HDFCBANK,1556.04,457.0
2025-06-20 10:04:44.0,HDFCBANK,1648.01,250.0
2025-06-20 10:04:45.0,HDFCBANK,1689.68,263.0
2025-06-20 10:04:46.0,HDFCBANK,1628.23,250.0
2025-06-20 10:04:47.0,HDFCBANK,1512.16,291.0
2025-06-20 10:04:48.0,HDFCBANK,1656.08,925.0
2025-06-20 10:04:49.0,HDFCBANK,1650.47,872.0
2025-06-20 10:04:50.0,HDFCBANK,1684.4,626.0
2025-06-20 10:04:51.0,HDFCBANK,1636.53,565.0
2025-06-20 10:04:52.0,HDFCBANK,1643.85,305.0
2025-06-20 10:04:53.0,HDFCBANK,1675.86,640.0
2025-06-20 10:04:54.0,HDFCBANK,1636.0,147.0
2025-06-20 10:04:55.0,HDFCBANK,1522.68,890.0
2025-06-20 10:04:56.0,HDFCBANK,1665.01,766.0
2025-06-20 10:04:57.0,HDFCBANK,1590.45,424.0
2025-06-20 10:04:58.0,HDFCBANK,1514.1,424.0
2025-06-20 10:04:59.0,HDFCBANK,1585.01,424.0
2025-06-20 10:05:00.0,HDFCBANK,1562.81,511.0
2025-06-20 10:05:01.0,HDFCBANK,1516.37,646.0
2025-06-20 10:05:02.0,HDFCBANK,1602.28,667.0
2025-06-20 10:05:03.0,HDFCBANK,1540.58,404.0
2025-06-20 10:05:04.0,HDFCBANK,1522.46,336.0
2025-06-20 10:05:05.0,HDFCBANK,1507.62,764.0
2025-06-20 10:05:06.0,HDFCBANK,1668.58,199.0
2025-06-20 10:05:07.0,HDFCBANK,1642.83,486.0
2025-06-20 10:05:08.0,HDFCBANK,1539.81,727.0
2025-06-20 10:05:09.0,HDFCBANK,1670.21,968.0
2025-06-20 10:05:10.0,HDFCBANK,1580.16,502.0
2025-06-20 10:05:11.0,HDFCBANK,1507.8,901.0
2025-06-20 10:05:12.0,HDFCBANK,1589.56,476.0
2025-06-20 10:05:13.0,HDFCBANK,1550.94,264.0
2025-06-20 10:05:14.0,HDFCBANK,1646.2,399.0
2025-06-20 10:05:15.0,HDFCBANK,1556.83,891.0
2025-06-20 10:05:16.0,HDFCBANK,1668.42,156.0
2025-06-20 10:05:17.0,HDFCBANK,1581.75,128.0
2025-06-20 10:05:18.0,HDFCBANK,1665.83,467.0
2025-06-20 10:05:19.0,HDFCBANK,1655.71,774.0
2025-06-20 10:05:20.0,HDFCBANK,1575.22,132.0
2025-06-20 10:05:21.0,HDFCBANK,1536.22,751.0
2025-06-20 10:05:22.0,HDFCBANK,1635.14,765.0
2025-06-20 10:05:23.0,HDFCBANK,1511.18,711.0
2025-06-20 10:05:24.0,HDFCBANK,1518.21,671.0
2025-06-20 10:05:25.0,HDFCBANK,1513.47,834.0
2025-06-20 10:05:26.0,HDFCBANK,1621.42,263.0
2025-06-20 10:05:27.0,HDFCBANK,1673.51,986.0
2025-06-20 10:05:28.0,HDFCBANK,1673.38,319.0
2025-06-20 10:05:29.0,HDFCBANK,1632.06,737.0
2025-06-20 10:05:30.0,HDFCBANK,1654.93,814.0
2025-06-20 10:05:31.0,HDFCBANK,1529.37,292.0
2025-06-20 10:05:32.0,HDFCBANK,1565.91,273.0
2025-06-20 10:05:33.0,HDFCBANK,1640.68,684.0
2025-06-20 10:05:34.0,HDFCBANK,1660.49,731.0
2025-06-20 10:05:35.0,HDFCBANK,1634.41,550.0
2025-06-20 10:05:36.0,HDFCBANK,1628.06,553.0
2025-06-20 10:05:37.0,HDFCBANK,1624.93,243.0
2025-06-20 10:05:38.0,HDFCBANK,1647.57,481.0
2025-06-20 10:05:39.0,HDFCBANK,1660.49,634.0
2025-06-20 10:05:40.0,HDFCBANK,1654.92,538.0
2025-06-20 10:05:41.0,HDFCBANK,1514.19,277.0
2025-06-20 10:05:42.0,HDFCBANK,1672.78,810.0
2025-06-20 10:05:43.0,HDFCBANK,1597.94,644.0
2025-06-20 10:05:44.0,HDFCBANK,1554.84,808.0
2025-06-20 10:05:45.0,HDFCBANK,1534.96,600.0
2025-06-20 10:05:46.0,HDFCBANK,1529.55,472.0
2025-06-20 10:05:47.0,HDFCBANK,1511.66,630.0
2025-06-20 10:05:48.0,HDFCBANK,1583.01,369.0
2025-06-20 10:05:49.0,HDFCBANK,1682.56,532.0
2025-06-20 10:05:50.0,HDFCBANK,1561.77,445.0
2025-06-20 10:05:51.0,HDFCBANK,1514.22,182.0
2025-06-20 10:05:52.0,HDFCBANK,1553.47,894.0
2025-06-20 10:05:53.0,HDFCBANK,1515.7,114.0
2025-06-20 10:05:54.0,HDFCBANK,1601.47,484.0
2025-06-20 10:05:55.0,HDFCBANK,1599.84,348.0
2025-06-20 10:05:56.0,HDFCBANK,1574.03,246.0
2025-06-20 10:05:57.0,HDFCBANK,1588.17,404.0
2025-06-20 10:05:58.0,HDFCBANK,1553.18,261.0
2025-06-20 10:05:59.0,HDFCBANK,1559.78,758.0
2025-06-20 10:06:00.0,HDFCBANK,1698.25,844.0
2025-06-20 10:06:01.0,HDFCBANK,1590.8,466.0
2025-06-20 10:06:02.0,HDFCBANK,1659.6,197.0
2025-06-20 10:06:03.0,HDFCBANK,1651.0,377.0
2025-06-20 10:06:04.0,HDFCBANK,1575.12,264.0
2025-06-20 10:06:05.0,HDFCBANK,1686.89,326.0
2025-06-20 10:06:06.0,HDFCBANK,1590.53,857.0
2025-06-20 10:06:07.0,HDFCBANK,1547.04,667.0
2025-06-20 10:06:08.0,HDFCBANK,1641.51,948.0
2025-06-20 10:06:09.0,HDFCBANK,1564.35,143.0
2025-06-20 10:06:10.0,HDFCBANK,1508.65,631.0
2025-06-20 10:06:11.0,HDFCBANK,1586.27,366.0
2025-06-20 10:06:12.0,HDFCBANK,1647.74,847.0
2025-06-20 10:06:13.0,HDFCBANK,1648.48,675.0
2025-06-20 10:06:14.0,HDFCBANK,1598.95,109.0
2025-06-20 10:06:15.0,HDFCBANK,1625.33,769.0
2025-06-20 10:06:16.0,HDFCBANK,1571.2,132.0
2025-06-20 10:06:17.0,HDFCBANK,1594.19,373.0
2025-06-20 10:06:18.0,HDFCBANK,1575.85,490.0
2025-06-20 10:06:19.0,HDFCBANK,1561.15,535.0
2025-06-20 10:06:20.0,HDFCBANK,1559.86,681.0
2025-06-20 10:06:21.0,HDFCBANK,1615.57,836.0
2025-06-20 10:06:22.0,HDFCBANK,1542.43,231.0
2025-06-20 10:06:23.0,HDFCBANK,1542.95,995.0
2025-06-20 10:06:24.0,HDFCBANK,1662.72,764.0
2025-06-20 10:06:25.0,HDFCBANK,1643.84,293.0
2025-06-20 10:06:26.0,HDFCBANK,1575.88,862.0
2025-06-20 10:06:27.0,HDFCBANK,1629.62,671.0
2025-06-20 10:06:28.0,HDFCBANK,1531.73,741.0
2025-06-20 10:06:29.0,HDFCBANK,1574.93,471.0
2025-06-20 10:06:30.0,HDFCBANK,1538.56,361.0
2025-06-20 10:06:31.0,HDFCBANK,1526.77,359.0
2025-06-20 10:06:32.0,HDFCBANK,1526.4,440.0
2025-06-20 10:06:33.0,HDFCBANK,1624.91,160.0
2025-06-20 10:06:34.0,HDFCBANK,1635.46,791.0
2025-06-20 10:06:35.0,HDFCBANK,1698.28,304.0
2025-06-20 10:06:36.0,HDFCBANK,1585.63,832.0
2025-06-20 10:06:37.0,HDFCBANK,1543.29,348.0
2025-06-20 10:06:38.0,HDFCBANK,1560.7,864.0
2025-06-20 10:06:39.0,HDFCBANK,1559.35,365.0
2025-06-20 10:06:40.0,HDFCBANK,1618.19,161.0
2025-06-20 10:06:41.0,HDFCBANK,1666.47,123.0
2025-06-20 10:06:42.0,HDFCBANK,1514.69,314.0
2025-06-20 10:06:43.0,HDFCBANK,1682.07,326.0
2025-06-20 10:06:44.0,HDFCBANK,1608.82,738.0
2025-06-20 10:06:45.0,HDFCBANK,1524.36,245.0
2025-06-20 10:06:46.0,HDFCBANK,1567.37,396.0
2025-06-20 10:06:47.0,HDFCBANK,1643.57,166.0
2025-06-20 10:06:48.0,HDFCBANK,1650.87,814.0
2025-06-20 10:06:49.0,HDFCBANK,1500.78,775.0
2025-06-20 10:06:50.0,HDFCBANK,1607.12,795.0
2025-06-20 10:06:51.0,HDFCBANK,1617.06,423.0
2025-06-20 10:06:52.0,HDFCBANK,1609.37,839.0
2025-06-20 10:06:53.0,HDFCBANK,1555.64,254.0
2025-06-20 10:06:54.0,HDFCBANK,1622.16,520.0
2025-06-20 10:06:55.0,HDFCBANK,1573.45,355.0
2025-06-20 10:06:56.0,HDFCBANK,1637.05,314.0
2025-06-20 10:06:57.0,HDFCBANK,1580.27,546.0
2025-06-20 10:06:58.0,HDFCBANK,1606.41,492.0
2025-06-20 10:06:59.0,HDFCBANK,1509.15,707.0
2025-06-20 10:07:00.0,HDFCBANK,1611.39,136.0
2025-06-20 10:07:01.0,HDFCBANK,1502.02,793.0
2025-06-20 10:07:02.0,HDFCBANK,1674.55,880.0
2025-06-20 10:07:03.0,HDFCBANK,1678.45,677.0
2025-06-20 10:07:04.0,HDFCBANK,1637.74,482.0
2025-06-20 10:07:05.0,HDFCBANK,1607.78,364.0
2025-06-20 10:07:06.0,HDFCBANK,1613.27,517.0
2025-06-20 10:07:07.0,HDFCBANK,1662.29,946.0
2025-06-20 10:07:08.0,HDFCBANK,1661.11,248.0
2025-06-20 10:07:09.0,HDFCBANK,1610.83,284.0
2025-06-20 10:07:10.0,HDFCBANK,1615.24,179.0
2025-06-20 10:07:11.0,HDFCBANK,1695.7,567.0
2025-06-20 10:07:12.0,HDFCBANK,1522.54,188.0
2025-06-20 10:07:13.0,HDFCBANK,1595.32,685.0
2025-06-20 10:07:14.0,HDFCBANK,1585.61,711.0
2025-06-20 10:07:15.0,HDFCBANK,1544.37,382.0
2025-06-20 10:07:16.0,HDFCBANK,1627.73,781.0
2025-06-20 10:07:17.0,HDFCBANK,1695.51,410.0
2025-06-20 10:07:18.0,HDFCBANK,1659.43,936.0
2025-06-20 10:07:19.0,HDFCBANK,1611.54,253.0
2025-06-20 10:07:20.0,HDFCBANK,1638.92,452.0
2025-06-20 10:07:21.0,HDFCBANK,1557.27,428.0
2025-06-20 10:07:22.0,HDFCBANK,1668.07,220.0
2025-06-20 10:07:23.0,HDFCBANK,1613.37,391.0
2025-06-20 10:07:24.0,HDFCBANK,1570.19,545.0
2025-06-20 10:07:25.0,HDFCBANK,1524.12,903.0
2025-06-20 10:07:26.0,HDFCBANK,1696.25,310.0
2025-06-20 10:07:27.0,HDFCBANK,1578.87,562.0
2025-06-20 10:07:28.0,HDFCBANK,1543.29,841.0
2025-06-20 10:07:29.0,HDFCBANK,1599.24,498.0
2025-06-20 10:07:30.0,HDFCBANK,1685.27,611.0
2025-06-20 10:07:31.0,HDFCBANK,1599.37,801.0
2025-06-20 10:07:32.0,HDFCBANK,1649.06,711.0
2025-06-20 10:07:33.0,HDFCBANK,1517.68,857.0
2025-06-20 10:07:34.0,HDFCBANK,1584.99,650.0
2025-06-20 10:07:35.0,HDFCBANK,1518.51,440.0
2025-06-20 10:07:36.0,HDFCBANK,1532.11,789.0
2025-06-20 10:07:37.0,HDFCBANK,1619.06,639.0
2025-06-20 10:07:38.0,HDFCBANK,1655.91,536.0
2025-06-20 10:07:39.0,HDFCBANK,1691.04,323.0
2025-06-20 10:07:40.0,HDFCBANK,1672.59,703.0
2025-06-20 10:07:41.0,HDFCBANK,1518.61,544.0
2025-06-20 10:07:42.0,HDFCBANK,1677.67,599.0
2025-06-20 10:07:43.0,HDFCBANK,1640.68,763.0
2025-06-20 10:07:44.0,HDFCBANK,1687.74,544.0
2025-06-20 10:07:45.0,HDFCBANK,1685.51,230.0
2025-06-20 10:07:46.0,HDFCBANK,1559.62,886.0
2025-06-20 10:07:47.0,HDFCBANK,1645.19,355.0
2025-06-20 10:07:48.0,HDFCBANK,1658.31,446.0
2025-06-20 10:07:49.0,HDFCBANK,1581.32,751.0
2025-06-20 10:07:50.0,HDFCBANK,1610.68,758.0
2025-06-20 10:07:51.0,HDFCBANK,1628.07,333.0
2025-06-20 10:07:52.0,HDFCBANK,1621.82,375.0
2025-06-20 10:07:53.0,HDFCBANK,1566.56,289.0
2025-06-20 10:07:54.0,HDFCBANK,1634.18,937.0
2025-06-20 10:07:55.0,HDFCBANK,1557.58,433.0
2025-06-20 10:07:56.0,HDFCBANK,1635.87,770.0
2025-06-20 10:07:57.0,HDFCBANK,1553.74,139.0
2025-06-20 10:07:58.0,HDFCBANK,1558.05,971.0
2025-06-20 10:07:59.0,HDFCBANK,1676.03,816.0
2025-06-20 10:08:00.0,HDFCBANK,1630.25,987.0
2025-06-20 10:08:01.0,HDFCBANK,1551.36,128.0
2025-06-20 10:08:02.0,HDFCBANK,1587.66,952.0
2025-06-20 10:08:03.0,HDFCBANK,1653.12,340.0
2025-06-20 10:08:04.0,HDFCBANK,1618.05,532.0
2025-06-20 10:08:05.0,HDFCBANK,1677.29,969.0
2025-06-20 10:08:06.0,HDFCBANK,1646.41,852.0
2025-06-20 10:08:07.0,HDFCBANK,1644.32,612.0
2025-06-20 10:08:08.0,HDFCBANK,1557.19,105.0
2025-06-20 10:08:09.0,HDFCBANK,1637.21,284.0
2025-06-20 10:08:10.0,HDFCBANK,1610.85,590.0
2025-06-20 10:08:11.0,HDFCBANK,1581.05,900.0
2025-06-20 10:08:12.0,HDFCBANK,1658.26,445.0
2025-06-20 10:08:13.0,HDFCBANK,1537.85,985.0
2025-06-20 10:08:14.0,HDFCBANK,1590.09,573.0
2025-06-20 10:08:15.0,HDFCBANK,1506.81,754.0
2025-06-20 10:08:16.0,HDFCBANK,1617.48,803.0
2025-06-20 10:08:17.0,HDFCBANK,1692.84,808.0
2025-06-20 10:08:18.0,HDFCBANK,1665.33,986.0
2025-06-20 10:08:19.0,HDFCBANK,1697.83,259.0
2025-06-20 10:08:20.0,HDFCBANK,1580.22,587.0
2025-06-20 10:08:21.0,HDFCBANK,1518.74,333.0
2025-06-20 10:08:22.0,HDFCBANK,1526.39,192.0
2025-06-20 10:08:23.0,HDFCBANK,1615.93,709.0
2025-06-20 10:08:24.0,HDFCBANK,1597.88,554.0
2025-06-20 10:08:25.0,HDFCBANK,1648.92,182.0
2025-06-20 10:08:26.0,HDFCBANK,1650.05,940.0
2025-06-20 10:08:27.0,HDFCBANK,1602.25,589.0
2025-06-20 10:08:28.0,HDFCBANK,1524.16,632.0
2025-06-20 10:08:29.0,HDFCBANK,1620.1,909.0
2025-06-20 10:08:30.0,HDFCBANK,1520.26,697.0
2025-06-20 10:08:31.0,HDFCBANK,1646.84,961.0
2025-06-20 10:08:32.0,HDFCBANK,1637.17,656.0
2025-06-20 10:08:33.0,HDFCBANK,1651.44,133.0
2025-06-20 10:08:34.0,HDFCBANK,1656.07,120.0
2025-06-20 10:08:35.0,HDFCBANK,1506.09,104.0
2025-06-20 10:08:36.0,HDFCBANK,1528.98,600.0
2025-06-20 10:08:37.0,HDFCBANK,1655.89,138.0
2025-06-20 10:08:38.0,HDFCBANK,1505.96,770.0
2025-06-20 10:08:39.0,HDFCBANK,1619.64,209.0
2025-06-20 10:08:40.0,HDFCBANK,1547.66,346.0
2025-06-20 10:08:41.0,HDFCBANK,1542.28,870.0
2025-06-20 10:08:42.0,HDFCBANK,1660.71,722.0
2025-06-20 10:08:43.0,HDFCBANK,1629.01,323.0
2025-06-20 10:08:44.0,HDFCBANK,1668.32,134.0
2025-06-20 10:08:45.0,HDFCBANK,1585.51,344.0
2025-06-20 10:08:46.0,HDFCBANK,1592.62,578.0
2025-06-20 10:08:47.0,HDFCBANK,1537.89,662.0
2025-06-20 10:08:48.0,HDFCBANK,1575.84,202.0
2025-06-20 10:08:49.0,HDFCBANK,1570.16,513.0
2025-06-20 10:08:50.0,HDFCBANK,1694.79,560.0
2025-06-20 10:08:51.0,HDFCBANK,1554.21,529.0
2025-06-20 10:08:52.0,HDFCBANK,1543.23,377.0
2025-06-20 10:08:53.0,HDFCBANK,1620.25,919.0
2025-06-20 10:08:54.0,HDFCBANK,1683.61,266.0
2025-06-20 10:08:55.0,HDFCBANK,1538.84,296.0
2025-06-20 10:08:56.0,HDFCBANK,1561.69,522.0
2025-06-20 10:08:57.0,HDFCBANK,1592.06,266.0
2025-06-20 10:08:58.0,HDFCBANK,1605.21,698.0
2025-06-20 10:08:59.0,HDFCBANK,1524.88,154.0
2025-06-20 10:09:00.0,HDFCBANK,1600.06,118.0
2025-06-20 10:09:01.0,HDFCBANK,1681.07,885.0
2025-06-20 10:09:02.0,HDFCBANK,1599.48,522.0
2025-06-20 10:09:03.0,HDFCBANK,1563.35,760.0
2025-06-20 10:09:04.0,HDFCBANK,1509.36,892.0
2025-06-20 10:09:05.0,HDFCBANK,1671.45,822.0
2025-06-20 10:09:06.0,HDFCBANK,1642.01,498.0
2025-06-20 10:09:07.0,HDFCBANK,1605.57,282.0
2025-06-20 10:09:08.0,HDFCBANK,1680.38,959.0
2025-06-20 10:09:09.0,HDFCBANK,1639.81,528.0
2025-06-20 10:09:10.0,HDFCBANK,1699.09,909.0
2025-06-20 10:09:11.0,HDFCBANK,1618.32,783.0
2025-06-20 10:09:12.0,HDFCBANK,1544.85,362.0
2025-06-20 10:09:13.0,HDFCBANK,1506.96,519.0
2025-06-20 10:09:14.0,HDFCBANK,1614.14,117.0
2025-06-20 10:09:15.0,HDFCBANK,1513.36,850.0
2025-06-20 10:09:16.0,HDFCBANK,1515.28,249.0
2025-06-20 10:09:17.0,HDFCBANK,1665.09,977.0
2025-06-20 10:09:18.0,HDFCBANK,1560.23,857.0
2025-06-20 10:09:19.0,HDFCBANK,1587.3,162.0
2025-06-20 10:09:20.0,HDFCBANK,1504.42,594.0
2025-06-20 10:09:21.0,HDFCBANK,1609.36,812.0
2025-06-20 10:09:22.0,HDFCBANK,1609.13,264.0
2025-06-20 10:09:23.0,HDFCBANK,1572.66,404.0
2025-06-20 10:09:24.0,HDFCBANK,1690.86,921.0
2025-06-20 10:09:25.0,HDFCBANK,1524.5,745.0
2025-06-20 10:09:26.0,HDFCBANK,1524.14,377.0
2025-06-20 10:09:27.0,HDFCBANK,1577.22,178.0
2025-06-20 10:09:28.0,HDFCBANK,1511.87,574.0
2025-06-20 10:09:29.0,HDFCBANK,1583.08,571.0
2025-06-20 10:09:30.0,HDFCBANK,1584.33,653.0
2025-06-20 10:09:31.0,HDFCBANK,1660.83,762.0
2025-06-20 10:09:32.0,HDFCBANK,1610.31,694.0
2025-06-20 10:09:33.0,HDFCBANK,1641.1,112.0
2025-06-20 10:09:34.0,HDFCBANK,1579.32,439.0
2025-06-20 10:09:35.0,HDFCBANK,1683.05,437.0
2025-06-20 10:09:36.0,HDFCBANK,1640.41,268.0
2025-06-20 10:09:37.0,HDFCBANK,1588.06,558.0
2025-06-20 10:09:38.0,HDFCBANK,1596.96,814.0
2025-06-20 10:09:39.0,HDFCBANK,1623.1,433.0
2025-06-20 10:09:40.0,HDFCBANK,1696.96,162.0
2025-06-20 10:09:41.0,HDFCBANK,1689.94,479.0
2025-06-20 10:09:42.0,HDFCBANK,1539.73,854.0
2025-06-20 10:09:43.0,HDFCBANK,1693.53,988.0
2025-06-20 10:09:44.0,HDFCBANK,1674.31,437.0
2025-06-20 10:09:45.0,HDFCBANK,1515.79,942.0
2025-06-20 10:09:46.0,HDFCBANK,1681.1,512.0
2025-06-20 10:09:47.0,HDFCBANK,1537.37,539.0
2025-06-20 10:09:48.0,HDFCBANK,1530.12,393.0
2025-06-20 10:09:49.0,HDFCBANK,1676.67,128.0
2025-06-20 10:09:50.0,HDFCBANK,1673.31,212.0
2025-06-20 10:09:51.0,HDFCBANK,1633.95,253.0
2025-06-20 10:09:52.0,HDFCBANK,1507.39,256.0
2025-06-20 10:09:53.0,HDFCBANK,1641.34,228.0
2025-06-20 10:09:54.0,HDFCBANK,1547.31,947.0
2025-06-20 10:09:55.0,HDFCBANK,1628.41,176.0
2025-06-20 10:09:56.0,HDFCBANK,1555.97,913.0
2025-06-20 10:09:57.0,HDFCBANK,1637.63,376.0
2025-06-20 10:09:58.0,HDFCBANK,1526.91,599.0
2025-06-20 10:09:59.0,HDFCBANK,1697.21,923.0
2025-06-20 10:10:00.0,HDFCBANK,1558.81,359.0
2025-06-20 10:10:01.0,HDFCBANK,1501.77,789.0
2025-06-20 10:10:02.0,HDFCBANK,1595.13,831.0
2025-06-20 10:10:03.0,HDFCBANK,1684.12,463.0
2025-06-20 10:10:04.0,HDFCBANK,1608.19,542.0
2025-06-20 10:10:05.0,HDFCBANK,1653.96,992.0
2025-06-20 10:10:06.0,HDFCBANK,1519.1,959.0
2025-06-20 10:10:07.0,HDFCBANK,1560.24,968.0
2025-06-20 10:10:08.0,HDFCBANK,1671.45,271.0
2025-06-20 10:10:09.0,HDFCBANK,1698.95,519.0
2025-06-20 10:10:10.0,HDFCBANK,1669.72,298.0
2025-06-20 10:10:11.0,HDFCBANK,1513.21,236.0
2025-06-20 10:10:12.0,HDFCBANK,1673.46,180.0
2025-06-20 10:10:13.0,HDFCBANK,1597.83,683.0
2025-06-20 10:10:14.0,HDFCBANK,1551.17,843.0
2025-06-20 10:10:15.0,HDFCBANK,1602.42,988.0
2025-06-20 10:10:16.0,HDFCBANK,1524.17,683.0
2025-06-20 10:10:17.0,HDFCBANK,1664.13,674.0
2025-06-20 10:10:18.0,HDFCBANK,1570.01,215.0
2025-06-20 10:10:19.0,HDFCBANK,1636.27,793.0
2025-06-20 10:10:20.0,HDFCBANK,1564.17,504.0
2025-06-20 10:10:21.0,HDFCBANK,1652.57,186.0
2025-06-20 10:10:22.0,HDFCBANK,1567.8,668.0
2025-06-20 10:10:23.0,HDFCBANK,1527.0,605.0
2025-06-20 10:10:24.0,HDFCBANK,1591.69,520.0
2025-06-20 10:10:25.0,HDFCBANK,1698.28,524.0
2025-06-20 10:10:26.0,HDFCBANK,1648.04,304.0
2025-06-20 10:10:27.0,HDFCBANK,1597.64,855.0
2025-06-20 10:10:28.0,HDFCBANK,1632.8,442.0
2025-06-20 10:10:29.0,HDFCBANK,1612.83,370.0
2025-06-20 10:10:30.0,HDFCBANK,1637.04,332.0
2025-06-20 10:10:31.0,HDFCBANK,1636.91,889.0
2025-06-20 10:10:32.0,HDFCBANK,1658.76,870.0
2025-06-20 10:10:33.0,HDFCBANK,1527.23,837.0
2025-06-20 10:10:34.0,HDFCBANK,1525.18,656.0
2025-06-20 10:10:35.0,HDFCBANK,1603.4,616.0
2025-06-20 10:10:36.0,HDFCBANK,1624.5,335.0
2025-06-20 10:10:37.0,HDFCBANK,1669.59,206.0
2025-06-20 10:10:38.0,HDFCBANK,1617.38,761.0
2025-06-20 10:10:39.0,HDFCBANK,1588.13,204.0
2025-06-20 10:10:40.0,HDFCBANK,1548.27,173.0
2025-06-20 10:10:41.0,HDFCBANK,1644.41,479.0
2025-06-20 10:10:42.0,HDFCBANK,1549.76,215.0
2025-06-20 10:10:43.0,HDFCBANK,1564.96,836.0
2025-06-20 10:10:44.0,HDFCBANK,1573.96,267.0
2025-06-20 10:10:45.0,HDFCBANK,1691.42,736.0
2025-06-20 10:10:46.0,HDFCBANK,1593.83,713.0
2025-06-20 10:10:47.0,HDFCBANK,1604.6,682.0
2025-06-20 10:10:48.0,HDFCBANK,1665.65,981.0
2025-06-20 10:10:49.0,HDFCBANK,1599.26,896.0
2025-06-20 10:10:50.0,HDFCBANK,1611.03,428.0
2025-06-20 10:10:51.0,HDFCBANK,1587.37,797.0
2025-06-20 10:10:52.0,HDFCBANK,1515.37,789.0
2025-06-20 10:10:53.0,HDFCBANK,1564.54,238.0
2025-06-20 10:10:54.0,HDFCBANK,1539.14,721.0
2025-06-20 10:10:55.0,HDFCBANK,1513.77,680.0
2025-06-20 10:10:56.0,HDFCBANK,1539.59,597.0
2025-06-20 10:10:57.0,HDFCBANK,1573.6,952.0
2025-06-20 10:10:58.0,HDFCBANK,1527.09,523.0
2025-06-20 10:10:59.0,HDFCBANK,1571.76,851.0
2025-06-20 10:11:00.0,HDFCBANK,1621.12,970.0
2025-06-20 10:11:01.0,HDFCBANK,1663.8,226.0
2025-06-20 10:11:02.0,HDFCBANK,1521.69,816.0
2025-06-20 10:11:03.0,HDFCBANK,1638.35,293.0
2025-06-20 10:11:04.0,HDFCBANK,1632.46,217.0
2025-06-20 10:11:05.0,HDFCBANK,1642.27,653.0
2025-06-20 10:11:06.0,HDFCBANK,1645.34,537.0
2025-06-20 10:11:07.0,HDFCBANK,1557.41,572.0
2025-06-20 10:11:08.0,HDFCBANK,1690.75,736.0
2025-06-20 10:11:09.0,HDFCBANK,1640.1,360.0
2025-06-20 10:11:10.0,HDFCBANK,1572.53,250.0
2025-06-20 10:11:11.0,HDFCBANK,1648.26,347.0
2025-06-20 10:11:12.0,HDFCBANK,1518.22,298.0
2025-06-20 10:11:13.0,HDFCBANK,1527.55,924.0
2025-06-20 10:11:14.0,HDFCBANK,1569.98,572.0
2025-06-20 10:11:15.0,HDFCBANK,1684.43,167.0
2025-06-20 10:11:16.0,HDFCBANK,1637.85,758.0
2025-06-20 10:11:17.0,HDFCBANK,1647.19,728.0
2025-06-20 10:11:18.0,HDFCBANK,1665.71,413.0
2025-06-20 10:11:19.0,HDFCBANK,1520.93,667.0
2025-06-20 10:11:20.0,HDFCBANK,1662.93,422.0
2025-06-20 10:11:21.0,HDFCBANK,1559.61,689.0
2025-06-20 10:11:22.0,HDFCBANK,1600.87,324.0
2025-06-20 10:11:23.0,HDFCBANK,1505.9,616.0
2025-06-20 10:11:24.0,HDFCBANK,1608.61,258.0
2025-06-20 10:11:25.0,HDFCBANK,1521.14,342.0
2025-06-20 10:11:26.0,HDFCBANK,1646.71,995.0
2025-06-20 10:11:27.0,HDFCBANK,1555.67,113.0
2025-06-20 10:11:28.0,HDFCBANK,1585.34,939.0
2025-06-20 10:11:29.0,HDFCBANK,1660.27,132.0
2025-06-20 10:11:30.0,HDFCBANK,1678.8,992.0
2025-06-20 10:11:31.0,HDFCBANK,1686.93,396.0
2025-06-20 10:11:32.0,HDFCBANK,1527.14,714.0
2025-06-20 10:11:33.0,HDFCBANK,1500.1,526.0
2025-06-20 10:11:34.0,HDFCBANK,1588.02,212.0
2025-06-20 10:11:35.0,HDFCBANK,1605.73,291.0
2025-06-20 10:11:36.0,HDFCBANK,1506.37,695.0
2025-06-20 10:11:37.0,HDFCBANK,1632.51,332.0
2025-06-20 10:11:38.0,HDFCBANK,1621.6,510.0
2025-06-20 10:11:39.0,HDFCBANK,1636.32,706.0
2025-06-20 10:11:40.0,HDFCBANK,1535.06,282.0
2025-06-20 10:11:41.0,HDFCBANK,1672.92,267.0
2025-06-20 10:11:42.0,HDFCBANK,1621.38,952.0
2025-06-20 10:11:43.0,HDFCBANK,1554.36,582.0
2025-06-20 10:11:44.0,HDFCBANK,1539.16,316.0
2025-06-20 10:11:45.0,HDFCBANK,1627.55,983.0
2025-06-20 10:11:46.0,HDFCBANK,1631.12,426.0
2025-06-20 10:11:47.0,HDFCBANK,1697.73,866.0
2025-06-20 10:11:48.0,HDFCBANK,1524.42,691.0
2025-06-20 10:11:49.0,HDFCBANK,1651.75,734.0
2025-06-20 10:11:50.0,HDFCBANK,1669.55,471.0
2025-06-20 10:11:51.0,HDFCBANK,1655.13,173.0
2025-06-20 10:11:52.0,HDFCBANK,1605.67,979.0
2025-06-20 10:11:53.0,HDFCBANK,1616.82,778.0
2025-06-20 10:11:54.0,HDFCBANK,1595.19,770.0
2025-06-20 10:11:55.0,HDFCBANK,1653.52,889.0
2025-06-20 10:11:56.0,HDFCBANK,1674.06,133.0
2025-06-20 10:11:57.0,HDFCBANK,1651.88,943.0
2025-06-20 10:11:58.0,HDFCBANK,1618.3,501.0
2025-06-20 10:11:59.0,HDFCBANK,1529.45,933.0
2025-06-20 10:12:00.0,HDFCBANK,1514.41,397.0
2025-06-20 10:12:01.0,HDFCBANK,1667.83,907.0
2025-06-20 10:12:02.0,HDFCBANK,1660.77,199.0
2025-06-20 10:12:03.0,HDFCBANK,1580.05,557.0
2025-06-20 10:12:04.0,HDFCBANK,1563.35,374.0
2025-06-20 10:12:05.0,HDFCBANK,1662.25,332.0
2025-06-20 10:12:06.0,HDFCBANK,1604.82,895.0
2025-06-20 10:12:07.0,HDFCBANK,1548.14,846.0
2025-06-20 10:12:08.0,HDFCBANK,1612.52,540.0
2025-06-20 10:12:09.0,HDFCBANK,1673.92,567.0
2025-06-20 10:12:10.0,HDFCBANK,1648.18,639.0
2025-06-20 10:12:11.0,HDFCBANK,1507.0,609.0
2025-06-20 10:12:12.0,HDFCBANK,1685.01,759.0
2025-06-20 10:12:13.0,HDFCBANK,1560.14,108.0
2025-06-20 10:12:14.0,HDFCBANK,1512.53,587.0
2025-06-20 10:12:15.0,HDFCBANK,1502.0,649.0
2025-06-20 10:12:16.0,HDFCBANK,1549.55,574.0
2025-06-20 10:12:17.0,HDFCBANK,1524.14,535.0
2025-06-20 10:12:18.0,HDFCBANK,1587.54,193.0
2025-06-20 10:12:19.0,HDFCBANK,1648.18,389.0
2025-06-20 10:12:20.0,HDFCBANK,1536.33,221.0
2025-06-20 10:12:21.0,HDFCBANK,1584.87,954.0
2025-06-20 10:12:22.0,HDFCBANK,1580.7,102.0
2025-06-20 10:12:23.0,HDFCBANK,1503.43,746.0
2025-06-20 10:12:24.0,HDFCBANK,1572.07,796.0
2025-06-20 10:12:25.0,HDFCBANK,1657.57,125.0
2025-06-20 10:12:26.0,HDFCBANK,1631.65,267.0
2025-06-20 10:12:27.0,HDFCBANK,1662.47,566.0
2025-06-20 10:12:28.0,HDFCBANK,1534.2,296.0
2025-06-20 10:12:29.0,HDFCBANK,1573.31,186.0
2025-06-20 10:12:30.0,HDFCBANK,1514.18,877.0
2025-06-20 10:12:31.0,HDFCBANK,1544.76,652.0
2025-06-20 10:12:32.0,HDFCBANK,1578.14,639.0
2025-06-20 10:12:33.0,HDFCBANK,1570.86,803.0
2025-06-20 10:12:34.0,HDFCBANK,1575.89,678.0
2025-06-20 10:12:35.0,HDFCBANK,1643.87,446.0
2025-06-20 10:12:36.0,HDFCBANK,1570.6,237.0
2025-06-20 10:12:37.0,HDFCBANK,1586.98,410.0
2025-06-20 10:12:38.0,HDFCBANK,1507.67,498.0
2025-06-20 10:12:39.0,HDFCBANK,1687.13,448.0
2025-06-20 10:12:40.0,HDFCBANK,1565.51,172.0
2025-06-20 10:12:41.0,HDFCBANK,1522.57,781.0
2025-06-20 10:12:42.0,HDFCBANK,1662.75,661.0
2025-06-20 10:12:43.0,HDFCBANK,1520.41,804.0
2025-06-20 10:12:44.0,HDFCBANK,1536.86,887.0
2025-06-20 10:12:45.0,HDFCBANK,1525.3,827.0
2025-06-20 10:12:46.0,HDFCBANK,1614.06,144.0
2025-06-20 10:12:47.0,HDFCBANK,1632.37,714.0
2025-06-20 10:12:48.0,HDFCBANK,1685.43,895.0
2025-06-20 10:12:49.0,HDFCBANK,1592.08,782.0
2025-06-20 10:12:50.0,HDFCBANK,1648.65,991.0
2025-06-20 10:12:51.0,HDFCBANK,1587.99,125.0
2025-06-20 10:12:52.0,HDFCBANK,1591.29,728.0
2025-06-20 10:12:53.0,HDFCBANK,1694.49,515.0
2025-06-20 10:12:54.0,HDFCBANK,1595.74,579.0
2025-06-20 10:12:55.0,HDFCBANK,1564.99,326.0
2025-06-20 10:12:56.0,HDFCBANK,1637.17,221.0
2025-06-20 10:12:57.0,HDFCBANK,1648.14,569.0
2025-06-20 10:12:58.0,HDFCBANK,1560.67,871.0
2025-06-20 10:12:59.0,HDFCBANK,1566.9,517.0
2025-06-20 10:13:00.0,HDFCBANK,1605.09,799.0
2025-06-20 10:13:01.0,HDFCBANK,1695.51,692.0
2025-06-20 10:13:02.0,HDFCBANK,1516.16,237.0
2025-06-20 10:13:03.0,HDFCBANK,1694.49,423.0
2025-06-20 10:13:04.0,HDFCBANK,1679.06,583.0
2025-06-20 10:13:05.0,HDFCBANK,1564.32,180.0
2025-06-20 10:13:06.0,HDFCBANK,1699.61,177.0
2025-06-20 10:13:07.0,HDFCBANK,1585.28,780.0
2025-06-20 10:13:08.0,HDFCBANK,1625.91,955.0
2025-06-20 10:13:09.0,HDFCBANK,1539.92,637.0
2025-06-20 10:13:10.0,HDFCBANK,1682.01,632.0
2025-06-20 10:13:11.0,HDFCBANK,1539.03,572.0
2025-06-20 10:13:12.0,HDFCBANK,1610.89,534.0
2025-06-20 10:13:13.0,HDFCBANK,1615.5,540.0
2025-06-20 10:13:14.0,HDFCBANK,1621.12,593.0
2025-06-20 10:13:15.0,HDFCBANK,1500.01,824.0
2025-06-20 10:13:16.0,HDFCBANK,1590.01,217.0
2025-06-20 10:13:17.0,HDFCBANK,1593.42,578.0
2025-06-20 10:13:18.0,HDFCBANK,1686.18,582.0
2025-06-20 10:13:19.0,HDFCBANK,1544.27,829.0
2025-06-20 10:13:20.0,HDFCBANK,1601.59,848.0
2025-06-20 10:13:21.0,HDFCBANK,1641.67,500.0
2025-06-20 10:13:22.0,HDFCBANK,1521.53,477.0
2025-06-20 10:13:23.0,HDFCBANK,1650.5,950.0
2025-06-20 10:13:24.0,HDFCBANK,1682.64,812.0
2025-06-20 10:13:25.0,HDFCBANK,1517.29,161.0
2025-06-20 10:13:26.0,HDFCBANK,1572.56,740.0
2025-06-20 10:13:27.0,HDFCBANK,1647.31,730.0
2025-06-20 10:13:28.0,HDFCBANK,1514.47,750.0
2025-06-20 10:13:29.0,HDFCBANK,1525.1,531.0
2025-06-20 10:13:30.0,HDFCBANK,1608.1,809.0
2025-06-20 10:13:31.0,HDFCBANK,1533.33,400.0
2025-06-20 10:13:32.0,HDFCBANK,1662.67,801.0
2025-06-20 10:13:33.0,HDFCBANK,1634.13,229.0
2025-06-20 10:13:34.0,HDFCBANK,1577.6,934.0
2025-06-20 10:13:35.0,HDFCBANK,1575.98,994.0
2025-06-20 10:13:36.0,HDFCBANK,1526.23,484.0
2025-06-20 10:13:37.0,HDFCBANK,1511.41,692.0
2025-06-20 10:13:38.0,HDFCBANK,1567.53,404.0
2025-06-20 10:13:39.0,HDFCBANK,1692.83,560.0
2025-06-20 10:13:40.0,HDFCBANK,1641.19,380.0
2025-06-20 10:13:41.0,HDFCBANK,1605.93,706.0
2025-06-20 10:13:42.0,HDFCBANK,1658.51,523.0
2025-06-20 10:13:43.0,HDFCBANK,1540.61,272.0
2025-06-20 10:13:44.0,HDFCBANK,1528.71,665.0
2025-06-20 10:13:45.0,HDFCBANK,1698.84,610.0
2025-06-20 10:13:46.0,HDFCBANK,1656.84,961.0
2025-06-20 10:13:47.0,HDFCBANK,1691.56,269.0
2025-06-20 10:13:48.0,HDFCBANK,1681.17,539.0
2025-06-20 10:13:49.0,HDFCBANK,1513.02,146.0
2025-06-20 10:13:50.0,HDFCBANK,1677.46,565.0
2025-06-20 10:13:51.0,HDFCBANK,1574.6,131.0
2025-06-20 10:13:52.0,HDFCBANK,1625.52,589.0
2025-06-20 10:13:53.0,HDFCBANK,1656.57,824.0
2025-06-20 10:13:54.0,HDFCBANK,1545.2,547.0
2025-06-20 10:13:55.0,HDFCBANK,1512.17,188.0
2025-06-20 10:13:56.0,HDFCBANK,1531.36,631.0
2025-06-20 10:13:57.0,HDFCBANK,1517.63,311.0
2025-06-20 10:13:58.0,HDFCBANK,1624.63,316.0
2025-06-20 10:13:59.0,HDFCBANK,1689.95,601.0
2025-06-20 10:14:00.0,HDFCBANK,1567.71,964.0
2025-06-20 10:14:01.0,HDFCBANK,1696.54,998.0
2025-06-20 10:14:02.0,HDFCBANK,1523.14,846.0
2025-06-20 10:14:03.0,HDFCBANK,1615.53,793.0
2025-06-20 10:14:04.0,HDFCBANK,1541.19,537.0
2025-06-20 10:14:05.0,HDFCBANK,1686.1,715.0
2025-06-20 10:14:06.0,HDFCBANK,1513.71,491.0
2025-06-20 10:14:07.0,HDFCBANK,1690.82,905.0
2025-06-20 10:14:08.0,HDFCBANK,1614.88,806.0
2025-06-20 10:14:09.0,HDFCBANK,1525.83,598.0
2025-06-20 10:14:10.0,HDFCBANK,1688.53,657.0
2025-06-20 10:14:11.0,HDFCBANK,1694.16,379.0
2025-06-20 10:14:12.0,HDFCBANK,1583.32,685.0
2025-06-20 10:14:13.0,HDFCBANK,1646.75,727.0
2025-06-20 10:14:14.0,HDFCBANK,1651.65,767.0
2025-06-20 10:14:15.0,HDFCBANK,1617.37,348.0
2025-06-20 10:14:16.0,HDFCBANK,1587.15,649.0
2025-06-20 10:14:17.0,HDFCBANK,1671.19,383.0
2025-06-20 10:14:18.0,HDFCBANK,1629.24,1000.0
2025-06-20 10:14:19.0,HDFCBANK,1680.48,586.0
2025-06-20 10:14:20.0,HDFCBANK,1524.71,481.0
2025-06-20 10:14:21.0,HDFCBANK,1671.07,955.0
2025-06-20 10:14:22.0,HDFCBANK,1698.58,198.0
2025-06-20 10:14:23.0,HDFCBANK,1654.84,427.0
2025-06-20 10:14:24.0,HDFCBANK,1535.62,657.0
2025-06-20 10:14:25.0,HDFCBANK,1629.95,520.0
2025-06-20 10:14:26.0,HDFCBANK,1635.84,225.0
2025-06-20 10:14:27.0,HDFCBANK,1681.44,536.0
2025-06-20 10:14:28.0,HDFCBANK,1546.78,904.0
2025-06-20 10:14:29.0,HDFCBANK,1672.11,980.0
2025-06-20 10:14:30.0,HDFCBANK,1556.47,595.0
2025-06-20 10:14:31.0,HDFCBANK,1548.36,525.0
2025-06-20 10:14:32.0,HDFCBANK,1537.12,246.0
2025-06-20 10:14:33.0,HDFCBANK,1566.1,490.0
2025-06-20 10:14:34.0,HDFCBANK,1560.77,297.0
2025-06-20 10:14:35.0,HDFCBANK,1538.74,150.0
2025-06-20 10:14:36.0,HDFCBANK,1575.65,914.0
2025-06-20 10:14:37.0,HDFCBANK,1609.11,333.0
2025-06-20 10:14:38.0,HDFCBANK,1658.18,533.0
2025-06-20 10:14:39.0,HDFCBANK,1654.13,538.0
2025-06-20 10:14:40.0,HDFCBANK,1691.44,204.0
2025-06-20 10:14:41.0,HDFCBANK,1644.08,489.0
2025-06-20 10:14:42.0,HDFCBANK,1680.38,106.0
2025-06-20 10:14:43.0,HDFCBANK,1597.14,118.0
2025-06-20 10:14:44.0,HDFCBANK,1632.44,778.0
2025-06-20 10:14:45.0,HDFCBANK,1513.61,996.0
2025-06-20 10:14:46.0,HDFCBANK,1687.09,861.0
2025-06-20 10:14:47.0,HDFCBANK,1501.79,380.0
2025-06-20 10:14:48.0,HDFCBANK,1569.11,290.0
2025-06-20 10:14:49.0,HDFCBANK,1545.23,298.0
2025-06-20 10:14:50.0,HDFCBANK,1541.32,778.0
2025-06-20 10:14:51.0,HDFCBANK,1664.34,435.0
2025-06-20 10:14:52.0,HDFCBANK,1608.93,568.0
2025-06-20 10:14:53.0,HDFCBANK,1609.58,488.0
2025-06-20 10:14:54.0,HDFCBANK,1558.42,427.0
2025-06-20 10:14:55.0,HDFCBANK,1562.26,628.0
2025-06-20 10:14:56.0,HDFCBANK,1539.83,992.0
2025-06-20 10:14:57.0,HDFCBANK,1515.62,391.0
2025-06-20 10:14:58.0,HDFCBANK,1575.48,271.0
2025-06-20 10:14:59.0,HDFCBANK,1560.72,197.0
2025-06-20 10:15:00.0,HDFCBANK,1683.68,963.0
2025-06-20 10:15:01.0,HDFCBANK,1653.93,338.0
2025-06-20 10:15:02.0,HDFCBANK,1505.38,799.0
2025-06-20 10:15:03.0,HDFCBANK,1676.37,554.0
2025-06-20 10:15:04.0,HDFCBANK,1575.01,548.0
2025-06-20 10:15:05.0,HDFCBANK,1597.33,995.0
2025-06-20 10:15:06.0,HDFCBANK,1577.26,943.0
2025-06-20 10:15:07.0,HDFCBANK,1657.82,515.0
2025-06-20 10:15:08.0,HDFCBANK,1660.85,877.0
2025-06-20 10:15:09.0,HDFCBANK,1541.96,566.0
2025-06-20 10:15:10.0,HDFCBANK,1590.51,721.0
2025-06-20 10:15:11.0,HDFCBANK,1537.19,587.0
2025-06-20 10:15:12.0,HDFCBANK,1542.16,357.0
2025-06-20 10:15:13.0,HDFCBANK,1666.06,828.0
2025-06-20 10:15:14.0,HDFCBANK,1674.36,277.0
2025-06-20 10:15:15.0,HDFCBANK,1638.15,962.0
2025-06-20 10:15:16.0,HDFCBANK,1567.47,646.0
2025-06-20 10:15:17.0,HDFCBANK,1547.93,925.0
2025-06-20 10:15:18.0,HDFCBANK,1698.48,605.0
2025-06-20 10:15:19.0,HDFCBANK,1508.67,622.0
2025-06-20 10:15:20.0,HDFCBANK,1503.21,479.0
2025-06-20 10:15:21.0,HDFCBANK,1526.36,430.0
2025-06-20 10:15:22.0,HDFCBANK,1652.83,195.0
2025-06-20 10:15:23.0,HDFCBANK,1609.44,363.0
2025-06-20 10:15:24.0,HDFCBANK,1683.43,826.0
2025-06-20 10:15:25.0,HDFCBANK,1691.94,882.0
2025-06-20 10:15:26.0,HDFCBANK,1648.72,884.0
2025-06-20 10:15:27.0,HDFCBANK,1591.46,112.0
2025-06-20 10:15:28.0,HDFCBANK,1512.02,510.0
2025-06-20 10:15:29.0,HDFCBANK,1610.21,997.0
2025-06-20 10:15:30.0,HDFCBANK,1697.23,767.0
2025-06-20 10:15:31.0,HDFCBANK,1566.33,957.0
2025-06-20 10:15:32.0,HDFCBANK,1655.17,739.0
2025-06-20 10:15:33.0,HDFCBANK,1562.74,288.0
2025-06-20 10:15:34.0,HDFCBANK,1580.79,531.0
2025-06-20 10:15:35.0,HDFCBANK,1604.16,781.0
2025-06-20 10:15:36.0,HDFCBANK,1597.53,341.0
2025-06-20 10:15:37.0,HDFCBANK,1621.8,411.0
2025-06-20 10:15:38.0,HDFCBANK,1665.34,771.0
2025-06-20 10:15:39.0,HDFCBANK,1572.34,733.0
2025-06-20 10:15:40.0,HDFCBANK,1571.68,139.0
2025-06-20 10:15:41.0,HDFCBANK,1677.54,885.0
2025-06-20 10:15:42.0,HDFCBANK,1528.11,932.0
2025-06-20 10:15:43.0,HDFCBANK,1615.19,446.0
2025-06-20 10:15:44.0,HDFCBANK,1541.7,390.0
2025-06-20 10:15:45.0,HDFCBANK,1521.66,653.0
2025-06-20 10:15:46.0,HDFCBANK,1568.42,514.0
2025-06-20 10:15:47.0,HDFCBANK,1565.57,303.0
2025-06-20 10:15:48.0,HDFCBANK,1645.59,525.0
2025-06-20 10:15:49.0,HDFCBANK,1638.73,657.0
2025-06-20 10:15:50.0,HDFCBANK,1542.29,365.0
2025-06-20 10:15:51.0,HDFCBANK,1679.2,594.0
2025-06-20 10:15:52.0,HDFCBANK,1672.44,116.0
2025-06-20 10:15:53.0,HDFCBANK,1584.14,505.0
2025-06-20 10:15:54.0,HDFCBANK,1579.87,762.0
2025-06-20 10:15:55.0,HDFCBANK,1589.62,601.0
2025-06-20 10:15:56.0,HDFCBANK,1645.49,869.0
2025-06-20 10:15:57.0,HDFCBANK,1575.08,245.0
2025-06-20 10:15:58.0,HDFCBANK,1599.59,111.0
2025-06-20 10:15:59.0,HDFCBANK,1594.66,406.0
2025-06-20 10:16:00.0,HDFCBANK,1540.6,559.0
2025-06-20 10:16:01.0,HDFCBANK,1538.35,976.0
2025-06-20 10:16:02.0,HDFCBANK,1614.12,240.0
2025-06-20 10:16:03.0,HDFCBANK,1641.74,613.0
2025-06-20 10:16:04.0,HDFCBANK,1639.41,611.0
2025-06-20 10:16:05.0,HDFCBANK,1555.44,817.0
2025-06-20 10:16:06.0,HDFCBANK,1550.75,527.0
2025-06-20 10:16:07.0,HDFCBANK,1525.74,354.0
2025-06-20 10:16:08.0,HDFCBANK,1696.73,716.0
2025-06-20 10:16:09.0,HDFCBANK,1523.96,129.0
2025-06-20 10:16:10.0,HDFCBANK,1693.51,921.0
2025-06-20 10:16:11.0,HDFCBANK,1578.1,972.0
2025-06-20 10:16:12.0,HDFCBANK,1594.92,251.0
2025-06-20 10:16:13.0,HDFCBANK,1669.54,581.0
2025-06-20 10:16:14.0,HDFCBANK,1527.6,479.0
2025-06-20 10:16:15.0,HDFCBANK,1608.72,273.0
2025-06-20 10:16:16.0,HDFCBANK,1656.94,973.0
2025-06-20 10:16:17.0,HDFCBANK,1571.89,737.0
2025-06-20 10:16:18.0,HDFCBANK,1635.41,326.0
2025-06-20 10:16:19.0,HDFCBANK,1567.78,731.0
2025-06-20 10:16:20.0,HDFCBANK,1550.88,754.0
2025-06-20 10:16:21.0,HDFCBANK,1535.11,388.0
2025-06-20 10:16:22.0,HDFCBANK,1580.33,577.0
2025-06-20 10:16:23.0,HDFCBANK,1526.31,947.0
2025-06-20 10:16:24.0,HDFCBANK,1691.22,978.0
2025-06-20 10:16:25.0,HDFCBANK,1618.76,914.0
2025-06-20 10:16:26.0,HDFCBANK,1639.79,972.0
2025-06-20 10:16:27.0,HDFCBANK,1612.53,361.0
2025-06-20 10:16:28.0,HDFCBANK,1548.71,896.0
2025-06-20 10:16:29.0,HDFCBANK,1622.38,199.0
2025-06-20 10:16:30.0,HDFCBANK,1629.84,271.0
2025-06-20 10:16:31.0,HDFCBANK,1596.64,996.0
2025-06-20 10:16:32.0,HDFCBANK,1658.19,992.0
2025-06-20 10:16:33.0,HDFCBANK,1692.36,378.0
2025-06-20 10:16:34.0,HDFCBANK,1581.96,874.0
2025-06-20 10:16:35.0,HDFCBANK,1523.81,668.0
2025-06-20 10:16:36.0,HDFCBANK,1641.84,118.0
2025-06-20 10:16:37.0,HDFCBANK,1503.8,473.0
2025-06-20 10:16:38.0,HDFCBANK,1568.91,956.0
2025-06-20 10:16:39.0,HDFCBANK,1573.24,318.0
