Timestamp,Symbol,Price,Volume
2025-06-20 10:00:00.0,ICICIBANK,1021.24,455.0
2025-06-20 10:00:01.0,ICICIBANK,913.97,433.0
2025-06-20 10:00:02.0,ICICIBANK,1058.92,605.0
2025-06-20 10:00:03.0,ICICIBANK,1000.75,660.0
2025-06-20 10:00:04.0,ICICIBANK,952.14,347.0
2025-06-20 10:00:05.0,ICICIBANK,1015.02,306.0
2025-06-20 10:00:06.0,ICICIBANK,1077.16,153.0
2025-06-20 10:00:07.0,ICICIBANK,931.59,854.0
2025-06-20 10:00:08.0,ICICIBANK,1021.38,126.0
2025-06-20 10:00:09.0,ICICIBANK,969.16,508.0
2025-06-20 10:00:10.0,ICICIBANK,1094.19,578.0
2025-06-20 10:00:11.0,ICICIBANK,977.58,275.0
2025-06-20 10:00:12.0,ICICIBANK,1007.68,542.0
2025-06-20 10:00:13.0,ICICIBANK,1014.4,507.0
2025-06-20 10:00:14.0,ICICIBANK,1036.44,210.0
2025-06-20 10:00:15.0,ICICIBANK,1026.33,120.0
2025-06-20 10:00:16.0,ICICIBANK,1085.01,893.0
2025-06-20 10:00:17.0,ICICIBANK,974.6,268.0
2025-06-20 10:00:18.0,ICICIBANK,953.74,166.0
2025-06-20 10:00:19.0,ICICIBANK,1059.64,135.0
2025-06-20 10:00:20.0,ICICIBANK,1058.29,270.0
2025-06-20 10:00:21.0,ICICIBANK,1032.24,942.0
2025-06-20 10:00:22.0,ICICIBANK,1090.38,529.0
2025-06-20 10:00:23.0,ICICIBANK,927.02,946.0
2025-06-20 10:00:24.0,ICICIBANK,972.22,226.0
2025-06-20 10:00:25.0,ICICIBANK,939.03,992.0
2025-06-20 10:00:26.0,ICICIBANK,1044.63,303.0
2025-06-20 10:00:27.0,ICICIBANK,985.63,609.0
2025-06-20 10:00:28.0,ICICIBANK,927.47,836.0
2025-06-20 10:00:29.0,ICICIBANK,1040.41,631.0
2025-06-20 10:00:30.0,ICICIBANK,1001.2,759.0
2025-06-20 10:00:31.0,ICICIBANK,939.73,955.0
2025-06-20 10:00:32.0,ICICIBANK,905.0,743.0
2025-06-20 10:00:33.0,ICICIBANK,948.73,718.0
2025-06-20 10:00:34.0,ICICIBANK,1071.02,205.0
2025-06-20 10:00:35.0,ICICIBANK,1019.5,333.0
2025-06-20 10:00:36.0,ICICIBANK,986.85,858.0
2025-06-20 10:00:37.0,ICICIBANK,985.7,366.0
2025-06-20 10:00:38.0,ICICIBANK,1035.38,590.0
2025-06-20 10:00:39.0,ICICIBANK,918.1,835.0
2025-06-20 10:00:40.0,ICICIBANK,997.41,479.0
2025-06-20 10:00:41.0,ICICIBANK,992.27,421.0
2025-06-20 10:00:42.0,ICICIBANK,1038.5,842.0
2025-06-20 10:00:43.0,ICICIBANK,1061.16,886.0
2025-06-20 10:00:44.0,ICICIBANK,980.08,265.0
2025-06-20 10:00:45.0,ICICIBANK,1042.85,799.0
2025-06-20 10:00:46.0,ICICIBANK,1070.83,543.0
2025-06-20 10:00:47.0,ICICIBANK,1010.88,614.0
2025-06-20 10:00:48.0,ICICIBANK,927.43,778.0
2025-06-20 10:00:49.0,ICICIBANK,1068.34,704.0
2025-06-20 10:00:50.0,ICICIBANK,1061.69,160.0
2025-06-20 10:00:51.0,ICICIBANK,972.69,984.0
2025-06-20 10:00:52.0,ICICIBANK,1051.4,579.0
2025-06-20 10:00:53.0,ICICIBANK,960.35,693.0
2025-06-20 10:00:54.0,ICICIBANK,968.75,790.0
2025-06-20 10:00:55.0,ICICIBANK,992.83,302.0
2025-06-20 10:00:56.0,ICICIBANK,1017.75,157.0
2025-06-20 10:00:57.0,ICICIBANK,926.94,126.0
2025-06-20 10:00:58.0,ICICIBANK,1092.13,747.0
2025-06-20 10:00:59.0,ICICIBANK,1075.61,804.0
2025-06-20 10:01:00.0,ICICIBANK,1045.45,366.0
2025-06-20 10:01:01.0,ICICIBANK,1058.68,507.0
2025-06-20 10:01:02.0,ICICIBANK,991.33,976.0
2025-06-20 10:01:03.0,ICICIBANK,960.31,526.0
2025-06-20 10:01:04.0,ICICIBANK,905.3,890.0
2025-06-20 10:01:05.0,ICICIBANK,937.4,692.0
2025-06-20 10:01:06.0,ICICIBANK,1097.2,450.0
2025-06-20 10:01:07.0,ICICIBANK,923.59,488.0
2025-06-20 10:01:08.0,ICICIBANK,1073.24,477.0
2025-06-20 10:01:09.0,ICICIBANK,902.35,244.0
2025-06-20 10:01:10.0,ICICIBANK,1025.23,441.0
2025-06-20 10:01:11.0,ICICIBANK,967.15,692.0
2025-06-20 10:01:12.0,ICICIBANK,1018.09,345.0
2025-06-20 10:01:13.0,ICICIBANK,1065.03,330.0
2025-06-20 10:01:14.0,ICICIBANK,1058.48,116.0
2025-06-20 10:01:15.0,ICICIBANK,1043.55,891.0
2025-06-20 10:01:16.0,ICICIBANK,994.2,816.0
2025-06-20 10:01:17.0,ICICIBANK,914.68,535.0
2025-06-20 10:01:18.0,ICICIBANK,924.28,633.0
2025-06-20 10:01:19.0,ICICIBANK,1094.05,273.0
2025-06-20 10:01:20.0,ICICIBANK,1050.02,806.0
2025-06-20 10:01:21.0,ICICIBANK,970.17,871.0
2025-06-20 10:01:22.0,ICICIBANK,923.66,485.0
2025-06-20 10:01:23.0,ICICIBANK,997.47,584.0
2025-06-20 10:01:24.0,ICICIBANK,981.43,921.0
2025-06-20 10:01:25.0,ICICIBANK,1067.48,948.0
2025-06-20 10:01:26.0,ICICIBANK,966.9,721.0
2025-06-20 10:01:27.0,ICICIBANK,1098.22,883.0
2025-06-20 10:01:28.0,ICICIBANK,1070.27,511.0
2025-06-20 10:01:29.0,ICICIBANK,960.32,119.0
2025-06-20 10:01:30.0,ICICIBANK,1079.71,491.0
2025-06-20 10:01:31.0,ICICIBANK,910.67,460.0
2025-06-20 10:01:32.0,ICICIBANK,936.1,917.0
2025-06-20 10:01:33.0,ICICIBANK,905.17,400.0
2025-06-20 10:01:34.0,ICICIBANK,969.34,109.0
2025-06-20 10:01:35.0,ICICIBANK,1076.84,894.0
2025-06-20 10:01:36.0,ICICIBANK,1044.65,119.0
2025-06-20 10:01:37.0,ICICIBANK,1096.69,133.0
2025-06-20 10:01:38.0,ICICIBANK,1091.22,741.0
2025-06-20 10:01:39.0,ICICIBANK,1094.28,859.0
2025-06-20 10:01:40.0,ICICIBANK,1013.59,461.0
2025-06-20 10:01:41.0,ICICIBANK,947.32,726.0
2025-06-20 10:01:42.0,ICICIBANK,1075.91,726.0
2025-06-20 10:01:43.0,ICICIBANK,1083.98,852.0
2025-06-20 10:01:44.0,ICICIBANK,952.6,766.0
2025-06-20 10:01:45.0,ICICIBANK,923.34,680.0
2025-06-20 10:01:46.0,ICICIBANK,1039.62,253.0
2025-06-20 10:01:47.0,ICICIBANK,932.63,310.0
2025-06-20 10:01:48.0,ICICIBANK,1039.43,448.0
2025-06-20 10:01:49.0,ICICIBANK,1004.65,859.0
2025-06-20 10:01:50.0,ICICIBANK,916.55,455.0
2025-06-20 10:01:51.0,ICICIBANK,942.47,857.0
2025-06-20 10:01:52.0,ICICIBANK,974.81,869.0
2025-06-20 10:01:53.0,ICICIBANK,1072.09,508.0
2025-06-20 10:01:54.0,ICICIBANK,1069.13,655.0
2025-06-20 10:01:55.0,ICICIBANK,1051.31,245.0
2025-06-20 10:01:56.0,ICICIBANK,1069.89,414.0
2025-06-20 10:01:57.0,ICICIBANK,927.86,532.0
2025-06-20 10:01:58.0,ICICIBANK,967.1,641.0
2025-06-20 10:01:59.0,ICICIBANK,920.61,505.0
2025-06-20 10:02:00.0,ICICIBANK,1045.08,262.0
2025-06-20 10:02:01.0,ICICIBANK,1071.73,634.0
2025-06-20 10:02:02.0,ICICIBANK,1053.22,838.0
2025-06-20 10:02:03.0,ICICIBANK,1078.87,499.0
2025-06-20 10:02:04.0,ICICIBANK,1044.51,382.0
2025-06-20 10:02:05.0,ICICIBANK,1049.82,352.0
2025-06-20 10:02:06.0,ICICIBANK,1040.14,232.0
2025-06-20 10:02:07.0,ICICIBANK,941.07,822.0
2025-06-20 10:02:08.0,ICICIBANK,905.19,938.0
2025-06-20 10:02:09.0,ICICIBANK,929.04,943.0
2025-06-20 10:02:10.0,ICICIBANK,997.9,489.0
2025-06-20 10:02:11.0,ICICIBANK,1040.37,130.0
2025-06-20 10:02:12.0,ICICIBANK,966.33,960.0
2025-06-20 10:02:13.0,ICICIBANK,1037.39,983.0
2025-06-20 10:02:14.0,ICICIBANK,911.8,998.0
2025-06-20 10:02:15.0,ICICIBANK,1087.54,133.0
2025-06-20 10:02:16.0,ICICIBANK,1049.14,653.0
2025-06-20 10:02:17.0,ICICIBANK,947.37,968.0
2025-06-20 10:02:18.0,ICICIBANK,1027.2,819.0
2025-06-20 10:02:19.0,ICICIBANK,914.96,123.0
2025-06-20 10:02:20.0,ICICIBANK,965.53,611.0
2025-06-20 10:02:21.0,ICICIBANK,999.55,580.0
2025-06-20 10:02:22.0,ICICIBANK,938.13,755.0
2025-06-20 10:02:23.0,ICICIBANK,1047.86,414.0
2025-06-20 10:02:24.0,ICICIBANK,992.66,374.0
2025-06-20 10:02:25.0,ICICIBANK,1056.06,440.0
2025-06-20 10:02:26.0,ICICIBANK,998.79,198.0
2025-06-20 10:02:27.0,ICICIBANK,918.89,195.0
2025-06-20 10:02:28.0,ICICIBANK,1056.79,304.0
2025-06-20 10:02:29.0,ICICIBANK,945.52,337.0
2025-06-20 10:02:30.0,ICICIBANK,973.36,633.0
2025-06-20 10:02:31.0,ICICIBANK,1006.16,825.0
2025-06-20 10:02:32.0,ICICIBANK,1012.27,985.0
2025-06-20 10:02:33.0,ICICIBANK,1038.52,310.0
2025-06-20 10:02:34.0,ICICIBANK,957.24,244.0
2025-06-20 10:02:35.0,ICICIBANK,1046.0,874.0
2025-06-20 10:02:36.0,ICICIBANK,983.12,827.0
2025-06-20 10:02:37.0,ICICIBANK,1046.57,577.0
2025-06-20 10:02:38.0,ICICIBANK,923.93,200.0
2025-06-20 10:02:39.0,ICICIBANK,1009.87,663.0
2025-06-20 10:02:40.0,ICICIBANK,914.87,160.0
2025-06-20 10:02:41.0,ICICIBANK,983.82,249.0
2025-06-20 10:02:42.0,ICICIBANK,1019.64,733.0
2025-06-20 10:02:43.0,ICICIBANK,1020.36,143.0
2025-06-20 10:02:44.0,ICICIBANK,1062.18,376.0
2025-06-20 10:02:45.0,ICICIBANK,900.31,685.0
2025-06-20 10:02:46.0,ICICIBANK,904.37,974.0
2025-06-20 10:02:47.0,ICICIBANK,1005.9,870.0
2025-06-20 10:02:48.0,ICICIBANK,936.57,927.0
2025-06-20 10:02:49.0,ICICIBANK,1048.46,838.0
2025-06-20 10:02:50.0,ICICIBANK,965.96,136.0
2025-06-20 10:02:51.0,ICICIBANK,1054.82,602.0
2025-06-20 10:02:52.0,ICICIBANK,941.47,856.0
2025-06-20 10:02:53.0,ICICIBANK,1004.68,905.0
2025-06-20 10:02:54.0,ICICIBANK,1035.64,180.0
2025-06-20 10:02:55.0,ICICIBANK,971.43,806.0
2025-06-20 10:02:56.0,ICICIBANK,1078.48,101.0
2025-06-20 10:02:57.0,ICICIBANK,1073.44,996.0
2025-06-20 10:02:58.0,ICICIBANK,908.78,951.0
2025-06-20 10:02:59.0,ICICIBANK,1025.45,325.0
2025-06-20 10:03:00.0,ICICIBANK,1036.72,976.0
2025-06-20 10:03:01.0,ICICIBANK,921.0,494.0
2025-06-20 10:03:02.0,ICICIBANK,1068.2,371.0
2025-06-20 10:03:03.0,ICICIBANK,991.15,688.0
2025-06-20 10:03:04.0,ICICIBANK,968.39,646.0
2025-06-20 10:03:05.0,ICICIBANK,1027.1,766.0
2025-06-20 10:03:06.0,ICICIBANK,1017.95,233.0
2025-06-20 10:03:07.0,ICICIBANK,1081.78,956.0
2025-06-20 10:03:08.0,ICICIBANK,902.15,160.0
2025-06-20 10:03:09.0,ICICIBANK,1032.72,612.0
2025-06-20 10:03:10.0,ICICIBANK,975.33,566.0
2025-06-20 10:03:11.0,ICICIBANK,1034.62,197.0
2025-06-20 10:03:12.0,ICICIBANK,1048.96,138.0
2025-06-20 10:03:13.0,ICICIBANK,1060.73,170.0
2025-06-20 10:03:14.0,ICICIBANK,1091.1,999.0
2025-06-20 10:03:15.0,ICICIBANK,957.63,397.0
2025-06-20 10:03:16.0,ICICIBANK,942.6,469.0
2025-06-20 10:03:17.0,ICICIBANK,1090.62,410.0
2025-06-20 10:03:18.0,ICICIBANK,981.73,903.0
2025-06-20 10:03:19.0,ICICIBANK,910.4,481.0
2025-06-20 10:03:20.0,ICICIBANK,929.66,460.0
2025-06-20 10:03:21.0,ICICIBANK,992.3,484.0
2025-06-20 10:03:22.0,ICICIBANK,925.05,129.0
2025-06-20 10:03:23.0,ICICIBANK,909.76,465.0
2025-06-20 10:03:24.0,ICICIBANK,910.99,142.0
2025-06-20 10:03:25.0,ICICIBANK,929.8,656.0
2025-06-20 10:03:26.0,ICICIBANK,906.93,215.0
2025-06-20 10:03:27.0,ICICIBANK,1029.82,390.0
2025-06-20 10:03:28.0,ICICIBANK,1089.84,157.0
2025-06-20 10:03:29.0,ICICIBANK,934.01,567.0
2025-06-20 10:03:30.0,ICICIBANK,1072.03,234.0
2025-06-20 10:03:31.0,ICICIBANK,997.48,405.0
2025-06-20 10:03:32.0,ICICIBANK,991.64,929.0
2025-06-20 10:03:33.0,ICICIBANK,938.8,954.0
2025-06-20 10:03:34.0,ICICIBANK,906.02,852.0
2025-06-20 10:03:35.0,ICICIBANK,1004.91,684.0
2025-06-20 10:03:36.0,ICICIBANK,927.14,491.0
2025-06-20 10:03:37.0,ICICIBANK,927.48,143.0
2025-06-20 10:03:38.0,ICICIBANK,1080.09,909.0
2025-06-20 10:03:39.0,ICICIBANK,976.02,705.0
2025-06-20 10:03:40.0,ICICIBANK,978.72,949.0
2025-06-20 10:03:41.0,ICICIBANK,1085.15,367.0
2025-06-20 10:03:42.0,ICICIBANK,948.23,237.0
2025-06-20 10:03:43.0,ICICIBANK,982.8,850.0
2025-06-20 10:03:44.0,ICICIBANK,1033.21,411.0
2025-06-20 10:03:45.0,ICICIBANK,991.01,624.0
2025-06-20 10:03:46.0,ICICIBANK,962.43,469.0
2025-06-20 10:03:47.0,ICICIBANK,1044.43,918.0
2025-06-20 10:03:48.0,ICICIBANK,921.53,485.0
2025-06-20 10:03:49.0,ICICIBANK,934.49,583.0
2025-06-20 10:03:50.0,ICICIBANK,932.74,997.0
2025-06-20 10:03:51.0,ICICIBANK,900.16,187.0
2025-06-20 10:03:52.0,ICICIBANK,944.84,619.0
2025-06-20 10:03:53.0,ICICIBANK,1059.95,972.0
2025-06-20 10:03:54.0,ICICIBANK,1065.07,172.0
2025-06-20 10:03:55.0,ICICIBANK,928.95,878.0
2025-06-20 10:03:56.0,ICICIBANK,957.32,464.0
2025-06-20 10:03:57.0,ICICIBANK,1000.43,210.0
2025-06-20 10:03:58.0,ICICIBANK,925.34,249.0
2025-06-20 10:03:59.0,ICICIBANK,1053.16,833.0
2025-06-20 10:04:00.0,ICICIBANK,962.33,705.0
2025-06-20 10:04:01.0,ICICIBANK,984.89,225.0
2025-06-20 10:04:02.0,ICICIBANK,1049.57,913.0
2025-06-20 10:04:03.0,ICICIBANK,985.19,143.0
2025-06-20 10:04:04.0,ICICIBANK,1045.28,205.0
2025-06-20 10:04:05.0,ICICIBANK,925.07,256.0
2025-06-20 10:04:06.0,ICICIBANK,906.41,556.0
2025-06-20 10:04:07.0,ICICIBANK,1072.09,206.0
2025-06-20 10:04:08.0,ICICIBANK,984.63,987.0
2025-06-20 10:04:09.0,ICICIBANK,1029.71,563.0
2025-06-20 10:04:10.0,ICICIBANK,1054.13,657.0
2025-06-20 10:04:11.0,ICICIBANK,1081.25,829.0
2025-06-20 10:04:12.0,ICICIBANK,1003.31,518.0
2025-06-20 10:04:13.0,ICICIBANK,1077.44,852.0
2025-06-20 10:04:14.0,ICICIBANK,948.49,456.0
2025-06-20 10:04:15.0,ICICIBANK,917.64,443.0
2025-06-20 10:04:16.0,ICICIBANK,1020.1,408.0
2025-06-20 10:04:17.0,ICICIBANK,979.6,997.0
2025-06-20 10:04:18.0,ICICIBANK,974.86,969.0
2025-06-20 10:04:19.0,ICICIBANK,933.22,628.0
2025-06-20 10:04:20.0,ICICIBANK,1086.53,838.0
2025-06-20 10:04:21.0,ICICIBANK,988.59,982.0
2025-06-20 10:04:22.0,ICICIBANK,1071.3,875.0
2025-06-20 10:04:23.0,ICICIBANK,1004.05,699.0
2025-06-20 10:04:24.0,ICICIBANK,986.28,811.0
2025-06-20 10:04:25.0,ICICIBANK,1062.1,793.0
2025-06-20 10:04:26.0,ICICIBANK,914.31,362.0
2025-06-20 10:04:27.0,ICICIBANK,1007.18,387.0
2025-06-20 10:04:28.0,ICICIBANK,1001.28,264.0
2025-06-20 10:04:29.0,ICICIBANK,1058.82,112.0
2025-06-20 10:04:30.0,ICICIBANK,1080.9,421.0
2025-06-20 10:04:31.0,ICICIBANK,988.41,413.0
2025-06-20 10:04:32.0,ICICIBANK,951.21,239.0
2025-06-20 10:04:33.0,ICICIBANK,1033.59,340.0
2025-06-20 10:04:34.0,ICICIBANK,1060.17,642.0
2025-06-20 10:04:35.0,ICICIBANK,900.95,383.0
2025-06-20 10:04:36.0,ICICIBANK,1064.35,196.0
2025-06-20 10:04:37.0,ICICIBANK,952.33,992.0
2025-06-20 10:04:38.0,ICICIBANK,955.96,155.0
2025-06-20 10:04:39.0,ICICIBANK,1029.17,319.0
2025-06-20 10:04:40.0,ICICIBANK,1016.31,397.0
2025-06-20 10:04:41.0,ICICIBANK,904.91,120.0
2025-06-20 10:04:42.0,ICICIBANK,1063.4,193.0
2025-06-20 10:04:43.0,ICICIBANK,972.7,542.0
2025-06-20 10:04:44.0,ICICIBANK,1092.19,669.0
2025-06-20 10:04:45.0,ICICIBANK,974.04,635.0
2025-06-20 10:04:46.0,ICICIBANK,1089.86,223.0
2025-06-20 10:04:47.0,ICICIBANK,1044.72,303.0
2025-06-20 10:04:48.0,ICICIBANK,1042.19,212.0
2025-06-20 10:04:49.0,ICICIBANK,1053.04,338.0
2025-06-20 10:04:50.0,ICICIBANK,1083.16,293.0
2025-06-20 10:04:51.0,ICICIBANK,1097.48,792.0
2025-06-20 10:04:52.0,ICICIBANK,1096.13,996.0
2025-06-20 10:04:53.0,ICICIBANK,941.91,649.0
2025-06-20 10:04:54.0,ICICIBANK,991.64,504.0
2025-06-20 10:04:55.0,ICICIBANK,1079.03,353.0
2025-06-20 10:04:56.0,ICICIBANK,1016.83,568.0
2025-06-20 10:04:57.0,ICICIBANK,1085.61,673.0
2025-06-20 10:04:58.0,ICICIBANK,1062.95,624.0
2025-06-20 10:04:59.0,ICICIBANK,959.85,640.0
2025-06-20 10:05:00.0,ICICIBANK,1043.07,524.0
2025-06-20 10:05:01.0,ICICIBANK,1048.43,951.0
2025-06-20 10:05:02.0,ICICIBANK,1007.89,755.0
2025-06-20 10:05:03.0,ICICIBANK,1079.66,279.0
2025-06-20 10:05:04.0,ICICIBANK,1001.21,191.0
2025-06-20 10:05:05.0,ICICIBANK,907.96,268.0
2025-06-20 10:05:06.0,ICICIBANK,1049.67,282.0
2025-06-20 10:05:07.0,ICICIBANK,1079.44,654.0
2025-06-20 10:05:08.0,ICICIBANK,1082.98,829.0
2025-06-20 10:05:09.0,ICICIBANK,910.47,111.0
2025-06-20 10:05:10.0,ICICIBANK,1073.94,748.0
2025-06-20 10:05:11.0,ICICIBANK,1026.24,696.0
2025-06-20 10:05:12.0,ICICIBANK,935.92,238.0
2025-06-20 10:05:13.0,ICICIBANK,1026.42,639.0
2025-06-20 10:05:14.0,ICICIBANK,1087.86,554.0
2025-06-20 10:05:15.0,ICICIBANK,1092.52,385.0
2025-06-20 10:05:16.0,ICICIBANK,1058.93,435.0
2025-06-20 10:05:17.0,ICICIBANK,950.51,744.0
2025-06-20 10:05:18.0,ICICIBANK,931.37,844.0
2025-06-20 10:05:19.0,ICICIBANK,913.13,537.0
2025-06-20 10:05:20.0,ICICIBANK,1014.67,297.0
2025-06-20 10:05:21.0,ICICIBANK,962.09,697.0
2025-06-20 10:05:22.0,ICICIBANK,1058.38,571.0
2025-06-20 10:05:23.0,ICICIBANK,985.9,236.0
2025-06-20 10:05:24.0,ICICIBANK,935.94,746.0
2025-06-20 10:05:25.0,ICICIBANK,988.33,402.0
2025-06-20 10:05:26.0,ICICIBANK,1043.88,647.0
2025-06-20 10:05:27.0,ICICIBANK,1006.59,571.0
2025-06-20 10:05:28.0,ICICIBANK,1056.25,488.0
2025-06-20 10:05:29.0,ICICIBANK,905.49,228.0
2025-06-20 10:05:30.0,ICICIBANK,946.28,825.0
2025-06-20 10:05:31.0,ICICIBANK,986.69,922.0
2025-06-20 10:05:32.0,ICICIBANK,1041.67,227.0
2025-06-20 10:05:33.0,ICICIBANK,1072.27,949.0
2025-06-20 10:05:34.0,ICICIBANK,941.24,402.0
2025-06-20 10:05:35.0,ICICIBANK,1072.42,784.0
2025-06-20 10:05:36.0,ICICIBANK,1095.1,807.0
2025-06-20 10:05:37.0,ICICIBANK,915.88,204.0
2025-06-20 10:05:38.0,ICICIBANK,1017.52,969.0
2025-06-20 10:05:39.0,ICICIBANK,1045.6,167.0
2025-06-20 10:05:40.0,ICICIBANK,1026.7,661.0
2025-06-20 10:05:41.0,ICICIBANK,1090.54,893.0
2025-06-20 10:05:42.0,ICICIBANK,983.79,265.0
2025-06-20 10:05:43.0,ICICIBANK,1028.7,158.0
2025-06-20 10:05:44.0,ICICIBANK,982.8,338.0
2025-06-20 10:05:45.0,ICICIBANK,926.69,540.0
2025-06-20 10:05:46.0,ICICIBANK,955.87,381.0
2025-06-20 10:05:47.0,ICICIBANK,1091.67,109.0
2025-06-20 10:05:48.0,ICICIBANK,959.58,588.0
2025-06-20 10:05:49.0,ICICIBANK,904.95,687.0
2025-06-20 10:05:50.0,ICICIBANK,1083.96,477.0
2025-06-20 10:05:51.0,ICICIBANK,954.15,510.0
2025-06-20 10:05:52.0,ICICIBANK,1075.61,692.0
2025-06-20 10:05:53.0,ICICIBANK,990.54,380.0
2025-06-20 10:05:54.0,ICICIBANK,922.41,603.0
2025-06-20 10:05:55.0,ICICIBANK,1018.71,891.0
2025-06-20 10:05:56.0,ICICIBANK,972.83,125.0
2025-06-20 10:05:57.0,ICICIBANK,904.1,126.0
2025-06-20 10:05:58.0,ICICIBANK,1052.33,817.0
2025-06-20 10:05:59.0,ICICIBANK,907.43,458.0
2025-06-20 10:06:00.0,ICICIBANK,1013.28,691.0
2025-06-20 10:06:01.0,ICICIBANK,1031.23,555.0
2025-06-20 10:06:02.0,ICICIBANK,979.35,493.0
2025-06-20 10:06:03.0,ICICIBANK,975.88,363.0
2025-06-20 10:06:04.0,ICICIBANK,983.75,878.0
2025-06-20 10:06:05.0,ICICIBANK,1016.03,437.0
2025-06-20 10:06:06.0,ICICIBANK,992.12,670.0
2025-06-20 10:06:07.0,ICICIBANK,1050.17,565.0
2025-06-20 10:06:08.0,ICICIBANK,910.48,698.0
2025-06-20 10:06:09.0,ICICIBANK,1036.52,355.0
2025-06-20 10:06:10.0,ICICIBANK,910.35,581.0
2025-06-20 10:06:11.0,ICICIBANK,969.01,847.0
2025-06-20 10:06:12.0,ICICIBANK,1024.32,785.0
2025-06-20 10:06:13.0,ICICIBANK,934.53,173.0
2025-06-20 10:06:14.0,ICICIBANK,1087.0,488.0
2025-06-20 10:06:15.0,ICICIBANK,983.85,301.0
2025-06-20 10:06:16.0,ICICIBANK,1040.86,268.0
2025-06-20 10:06:17.0,ICICIBANK,1007.99,716.0
2025-06-20 10:06:18.0,ICICIBANK,985.97,316.0
2025-06-20 10:06:19.0,ICICIBANK,957.0,416.0
2025-06-20 10:06:20.0,ICICIBANK,1073.26,454.0
2025-06-20 10:06:21.0,ICICIBANK,940.89,771.0
2025-06-20 10:06:22.0,ICICIBANK,1089.85,266.0
2025-06-20 10:06:23.0,ICICIBANK,1059.0,765.0
2025-06-20 10:06:24.0,ICICIBANK,954.82,432.0
2025-06-20 10:06:25.0,ICICIBANK,925.26,300.0
2025-06-20 10:06:26.0,ICICIBANK,938.07,952.0
2025-06-20 10:06:27.0,ICICIBANK,1004.98,464.0
2025-06-20 10:06:28.0,ICICIBANK,1034.45,396.0
2025-06-20 10:06:29.0,ICICIBANK,1081.92,781.0
2025-06-20 10:06:30.0,ICICIBANK,909.45,967.0
2025-06-20 10:06:31.0,ICICIBANK,1052.28,645.0
2025-06-20 10:06:32.0,ICICIBANK,1097.93,402.0
2025-06-20 10:06:33.0,ICICIBANK,1071.15,806.0
2025-06-20 10:06:34.0,ICICIBANK,1089.04,683.0
2025-06-20 10:06:35.0,ICICIBANK,951.72,635.0
2025-06-20 10:06:36.0,ICICIBANK,1070.89,484.0
2025-06-20 10:06:37.0,ICICIBANK,928.22,248.0
2025-06-20 10:06:38.0,ICICIBANK,936.11,313.0
2025-06-20 10:06:39.0,ICICIBANK,1060.05,136.0
2025-06-20 10:06:40.0,ICICIBANK,910.69,443.0
2025-06-20 10:06:41.0,ICICIBANK,942.7,207.0
2025-06-20 10:06:42.0,ICICIBANK,940.09,374.0
2025-06-20 10:06:43.0,ICICIBANK,990.68,344.0
2025-06-20 10:06:44.0,ICICIBANK,1092.24,531.0
2025-06-20 10:06:45.0,ICICIBANK,932.04,595.0
2025-06-20 10:06:46.0,ICICIBANK,964.97,544.0
2025-06-20 10:06:47.0,ICICIBANK,1021.94,657.0
2025-06-20 10:06:48.0,ICICIBANK,977.89,385.0
2025-06-20 10:06:49.0,ICICIBANK,933.34,814.0
2025-06-20 10:06:50.0,ICICIBANK,1041.64,571.0
2025-06-20 10:06:51.0,ICICIBANK,904.13,728.0
2025-06-20 10:06:52.0,ICICIBANK,962.45,366.0
2025-06-20 10:06:53.0,ICICIBANK,920.16,587.0
2025-06-20 10:06:54.0,ICICIBANK,907.21,513.0
2025-06-20 10:06:55.0,ICICIBANK,1010.42,655.0
2025-06-20 10:06:56.0,ICICIBANK,995.25,301.0
2025-06-20 10:06:57.0,ICICIBANK,983.35,290.0
2025-06-20 10:06:58.0,ICICIBANK,967.49,399.0
2025-06-20 10:06:59.0,ICICIBANK,1052.51,636.0
2025-06-20 10:07:00.0,ICICIBANK,1076.83,100.0
2025-06-20 10:07:01.0,ICICIBANK,1010.5,670.0
2025-06-20 10:07:02.0,ICICIBANK,990.46,833.0
2025-06-20 10:07:03.0,ICICIBANK,987.35,786.0
2025-06-20 10:07:04.0,ICICIBANK,1095.11,132.0
2025-06-20 10:07:05.0,ICICIBANK,1095.29,139.0
2025-06-20 10:07:06.0,ICICIBANK,907.91,766.0
2025-06-20 10:07:07.0,ICICIBANK,943.64,198.0
2025-06-20 10:07:08.0,ICICIBANK,961.02,746.0
2025-06-20 10:07:09.0,ICICIBANK,1036.54,352.0
2025-06-20 10:07:10.0,ICICIBANK,909.32,912.0
2025-06-20 10:07:11.0,ICICIBANK,1041.77,703.0
2025-06-20 10:07:12.0,ICICIBANK,986.47,439.0
2025-06-20 10:07:13.0,ICICIBANK,1077.55,381.0
2025-06-20 10:07:14.0,ICICIBANK,1098.17,963.0
2025-06-20 10:07:15.0,ICICIBANK,982.44,522.0
2025-06-20 10:07:16.0,ICICIBANK,1050.38,888.0
2025-06-20 10:07:17.0,ICICIBANK,951.43,987.0
2025-06-20 10:07:18.0,ICICIBANK,1038.37,103.0
2025-06-20 10:07:19.0,ICICIBANK,1092.51,677.0
2025-06-20 10:07:20.0,ICICIBANK,1092.71,798.0
2025-06-20 10:07:21.0,ICICIBANK,939.7,850.0
2025-06-20 10:07:22.0,ICICIBANK,980.26,770.0
2025-06-20 10:07:23.0,ICICIBANK,925.86,192.0
2025-06-20 10:07:24.0,ICICIBANK,928.28,604.0
2025-06-20 10:07:25.0,ICICIBANK,973.7,608.0
2025-06-20 10:07:26.0,ICICIBANK,1030.34,190.0
2025-06-20 10:07:27.0,ICICIBANK,1007.67,193.0
2025-06-20 10:07:28.0,ICICIBANK,980.39,488.0
2025-06-20 10:07:29.0,ICICIBANK,977.76,638.0
2025-06-20 10:07:30.0,ICICIBANK,1070.32,562.0
2025-06-20 10:07:31.0,ICICIBANK,1044.24,769.0
2025-06-20 10:07:32.0,ICICIBANK,1024.07,896.0
2025-06-20 10:07:33.0,ICICIBANK,950.51,997.0
2025-06-20 10:07:34.0,ICICIBANK,1035.44,524.0
2025-06-20 10:07:35.0,ICICIBANK,1059.0,555.0
2025-06-20 10:07:36.0,ICICIBANK,1088.5,134.0
2025-06-20 10:07:37.0,ICICIBANK,1003.13,778.0
2025-06-20 10:07:38.0,ICICIBANK,975.07,868.0
2025-06-20 10:07:39.0,ICICIBANK,1019.63,663.0
2025-06-20 10:07:40.0,ICICIBANK,1092.78,129.0
2025-06-20 10:07:41.0,ICICIBANK,996.14,710.0
2025-06-20 10:07:42.0,ICICIBANK,915.15,972.0
2025-06-20 10:07:43.0,ICICIBANK,1018.21,510.0
2025-06-20 10:07:44.0,ICICIBANK,1099.22,172.0
2025-06-20 10:07:45.0,ICICIBANK,1011.65,399.0
2025-06-20 10:07:46.0,ICICIBANK,1061.75,785.0
2025-06-20 10:07:47.0,ICICIBANK,1054.69,373.0
2025-06-20 10:07:48.0,ICICIBANK,952.95,733.0
2025-06-20 10:07:49.0,ICICIBANK,1001.92,241.0
2025-06-20 10:07:50.0,ICICIBANK,993.01,278.0
2025-06-20 10:07:51.0,ICICIBANK,903.59,750.0
2025-06-20 10:07:52.0,ICICIBANK,911.79,704.0
2025-06-20 10:07:53.0,ICICIBANK,929.3,181.0
2025-06-20 10:07:54.0,ICICIBANK,1066.97,757.0
2025-06-20 10:07:55.0,ICICIBANK,1094.91,950.0
2025-06-20 10:07:56.0,ICICIBANK,949.54,928.0
2025-06-20 10:07:57.0,ICICIBANK,1054.68,504.0
2025-06-20 10:07:58.0,ICICIBANK,1062.62,492.0
2025-06-20 10:07:59.0,ICICIBANK,1067.15,755.0
2025-06-20 10:08:00.0,ICICIBANK,952.82,533.0
2025-06-20 10:08:01.0,ICICIBANK,1055.82,822.0
2025-06-20 10:08:02.0,ICICIBANK,985.41,130.0
2025-06-20 10:08:03.0,ICICIBANK,1011.49,814.0
2025-06-20 10:08:04.0,ICICIBANK,1082.16,696.0
2025-06-20 10:08:05.0,ICICIBANK,1082.52,185.0
2025-06-20 10:08:06.0,ICICIBANK,1017.97,618.0
2025-06-20 10:08:07.0,ICICIBANK,953.82,577.0
2025-06-20 10:08:08.0,ICICIBANK,923.39,227.0
2025-06-20 10:08:09.0,ICICIBANK,1009.34,162.0
2025-06-20 10:08:10.0,ICICIBANK,961.39,902.0
2025-06-20 10:08:11.0,ICICIBANK,932.7,351.0
2025-06-20 10:08:12.0,ICICIBANK,1027.28,337.0
2025-06-20 10:08:13.0,ICICIBANK,944.01,250.0
2025-06-20 10:08:14.0,ICICIBANK,906.25,973.0
2025-06-20 10:08:15.0,ICICIBANK,1037.98,745.0
2025-06-20 10:08:16.0,ICICIBANK,1043.33,424.0
2025-06-20 10:08:17.0,ICICIBANK,1034.83,444.0
2025-06-20 10:08:18.0,ICICIBANK,983.05,116.0
2025-06-20 10:08:19.0,ICICIBANK,1039.24,989.0
2025-06-20 10:08:20.0,ICICIBANK,953.66,224.0
2025-06-20 10:08:21.0,ICICIBANK,1055.66,406.0
2025-06-20 10:08:22.0,ICICIBANK,1044.82,448.0
2025-06-20 10:08:23.0,ICICIBANK,1070.6,803.0
2025-06-20 10:08:24.0,ICICIBANK,1058.46,359.0
2025-06-20 10:08:25.0,ICICIBANK,985.92,558.0
2025-06-20 10:08:26.0,ICICIBANK,954.7,145.0
2025-06-20 10:08:27.0,ICICIBANK,984.15,114.0
2025-06-20 10:08:28.0,ICICIBANK,1001.43,186.0
2025-06-20 10:08:29.0,ICICIBANK,1015.52,246.0
2025-06-20 10:08:30.0,ICICIBANK,1001.52,726.0
2025-06-20 10:08:31.0,ICICIBANK,1045.49,351.0
2025-06-20 10:08:32.0,ICICIBANK,1071.82,772.0
2025-06-20 10:08:33.0,ICICIBANK,925.33,295.0
2025-06-20 10:08:34.0,ICICIBANK,1036.69,385.0
2025-06-20 10:08:35.0,ICICIBANK,1036.92,356.0
2025-06-20 10:08:36.0,ICICIBANK,953.68,172.0
2025-06-20 10:08:37.0,ICICIBANK,1054.29,644.0
2025-06-20 10:08:38.0,ICICIBANK,936.29,190.0
2025-06-20 10:08:39.0,ICICIBANK,1078.93,365.0
2025-06-20 10:08:40.0,ICICIBANK,1048.54,770.0
2025-06-20 10:08:41.0,ICICIBANK,947.39,845.0
2025-06-20 10:08:42.0,ICICIBANK,912.36,858.0
2025-06-20 10:08:43.0,ICICIBANK,921.26,866.0
2025-06-20 10:08:44.0,ICICIBANK,930.89,456.0
2025-06-20 10:08:45.0,ICICIBANK,1004.92,338.0
2025-06-20 10:08:46.0,ICICIBANK,952.57,860.0
2025-06-20 10:08:47.0,ICICIBANK,944.09,529.0
2025-06-20 10:08:48.0,ICICIBANK,976.55,171.0
2025-06-20 10:08:49.0,ICICIBANK,1098.53,710.0
2025-06-20 10:08:50.0,ICICIBANK,901.73,417.0
2025-06-20 10:08:51.0,ICICIBANK,1030.93,501.0
2025-06-20 10:08:52.0,ICICIBANK,1085.45,252.0
2025-06-20 10:08:53.0,ICICIBANK,1095.89,640.0
2025-06-20 10:08:54.0,ICICIBANK,1069.28,322.0
2025-06-20 10:08:55.0,ICICIBANK,902.51,728.0
2025-06-20 10:08:56.0,ICICIBANK,1045.99,239.0
2025-06-20 10:08:57.0,ICICIBANK,1042.64,931.0
2025-06-20 10:08:58.0,ICICIBANK,1065.43,340.0
2025-06-20 10:08:59.0,ICICIBANK,1008.48,501.0
2025-06-20 10:09:00.0,ICICIBANK,965.52,997.0
2025-06-20 10:09:01.0,ICICIBANK,947.74,351.0
2025-06-20 10:09:02.0,ICICIBANK,944.83,699.0
2025-06-20 10:09:03.0,ICICIBANK,927.36,209.0
2025-06-20 10:09:04.0,ICICIBANK,975.79,325.0
2025-06-20 10:09:05.0,ICICIBANK,911.76,147.0
2025-06-20 10:09:06.0,ICICIBANK,958.2,446.0
2025-06-20 10:09:07.0,ICICIBANK,951.21,931.0
2025-06-20 10:09:08.0,ICICIBANK,937.88,715.0
2025-06-20 10:09:09.0,ICICIBANK,903.05,960.0
2025-06-20 10:09:10.0,ICICIBANK,937.95,483.0
2025-06-20 10:09:11.0,ICICIBANK,928.98,526.0
2025-06-20 10:09:12.0,ICICIBANK,939.6,211.0
2025-06-20 10:09:13.0,ICICIBANK,1002.72,932.0
2025-06-20 10:09:14.0,ICICIBANK,1069.82,468.0
2025-06-20 10:09:15.0,ICICIBANK,926.19,731.0
2025-06-20 10:09:16.0,ICICIBANK,1039.42,836.0
2025-06-20 10:09:17.0,ICICIBANK,927.85,597.0
2025-06-20 10:09:18.0,ICICIBANK,1031.79,758.0
2025-06-20 10:09:19.0,ICICIBANK,910.54,319.0
2025-06-20 10:09:20.0,ICICIBANK,1059.22,522.0
2025-06-20 10:09:21.0,ICICIBANK,1033.56,347.0
2025-06-20 10:09:22.0,ICICIBANK,1029.45,391.0
2025-06-20 10:09:23.0,ICICIBANK,1018.71,512.0
2025-06-20 10:09:24.0,ICICIBANK,1000.54,433.0
2025-06-20 10:09:25.0,ICICIBANK,902.25,900.0
2025-06-20 10:09:26.0,ICICIBANK,989.62,903.0
2025-06-20 10:09:27.0,ICICIBANK,921.46,305.0
2025-06-20 10:09:28.0,ICICIBANK,971.93,117.0
2025-06-20 10:09:29.0,ICICIBANK,973.39,447.0
2025-06-20 10:09:30.0,ICICIBANK,1076.41,670.0
2025-06-20 10:09:31.0,ICICIBANK,920.83,325.0
2025-06-20 10:09:32.0,ICICIBANK,946.51,864.0
2025-06-20 10:09:33.0,ICICIBANK,1076.65,529.0
2025-06-20 10:09:34.0,ICICIBANK,1050.69,136.0
2025-06-20 10:09:35.0,ICICIBANK,998.65,611.0
2025-06-20 10:09:36.0,ICICIBANK,986.01,258.0
2025-06-20 10:09:37.0,ICICIBANK,926.5,550.0
2025-06-20 10:09:38.0,ICICIBANK,988.21,657.0
2025-06-20 10:09:39.0,ICICIBANK,970.37,215.0
2025-06-20 10:09:40.0,ICICIBANK,977.44,331.0
2025-06-20 10:09:41.0,ICICIBANK,917.55,118.0
2025-06-20 10:09:42.0,ICICIBANK,1020.39,167.0
2025-06-20 10:09:43.0,ICICIBANK,1035.75,383.0
2025-06-20 10:09:44.0,ICICIBANK,1078.28,755.0
2025-06-20 10:09:45.0,ICICIBANK,903.01,921.0
2025-06-20 10:09:46.0,ICICIBANK,1053.0,481.0
2025-06-20 10:09:47.0,ICICIBANK,985.46,590.0
2025-06-20 10:09:48.0,ICICIBANK,930.32,783.0
2025-06-20 10:09:49.0,ICICIBANK,954.21,207.0
2025-06-20 10:09:50.0,ICICIBANK,986.64,445.0
2025-06-20 10:09:51.0,ICICIBANK,976.07,479.0
2025-06-20 10:09:52.0,ICICIBANK,1096.1,106.0
2025-06-20 10:09:53.0,ICICIBANK,1042.01,152.0
2025-06-20 10:09:54.0,ICICIBANK,1072.95,249.0
2025-06-20 10:09:55.0,ICICIBANK,957.85,216.0
2025-06-20 10:09:56.0,ICICIBANK,910.19,929.0
2025-06-20 10:09:57.0,ICICIBANK,992.36,952.0
2025-06-20 10:09:58.0,ICICIBANK,1076.18,233.0
2025-06-20 10:09:59.0,ICICIBANK,969.04,727.0
2025-06-20 10:10:00.0,ICICIBANK,960.49,967.0
2025-06-20 10:10:01.0,ICICIBANK,970.44,931.0
2025-06-20 10:10:02.0,ICICIBANK,1029.16,766.0
2025-06-20 10:10:03.0,ICICIBANK,940.84,518.0
2025-06-20 10:10:04.0,ICICIBANK,985.69,677.0
2025-06-20 10:10:05.0,ICICIBANK,991.27,309.0
2025-06-20 10:10:06.0,ICICIBANK,943.07,824.0
2025-06-20 10:10:07.0,ICICIBANK,908.54,147.0
2025-06-20 10:10:08.0,ICICIBANK,1094.2,341.0
2025-06-20 10:10:09.0,ICICIBANK,1037.53,469.0
2025-06-20 10:10:10.0,ICICIBANK,948.65,883.0
2025-06-20 10:10:11.0,ICICIBANK,1009.52,135.0
2025-06-20 10:10:12.0,ICICIBANK,1052.43,466.0
2025-06-20 10:10:13.0,ICICIBANK,902.94,852.0
2025-06-20 10:10:14.0,ICICIBANK,1084.59,184.0
2025-06-20 10:10:15.0,ICICIBANK,1077.6,756.0
2025-06-20 10:10:16.0,ICICIBANK,1027.64,300.0
2025-06-20 10:10:17.0,ICICIBANK,994.85,816.0
2025-06-20 10:10:18.0,ICICIBANK,1074.86,873.0
2025-06-20 10:10:19.0,ICICIBANK,1065.7,834.0
2025-06-20 10:10:20.0,ICICIBANK,1004.02,987.0
2025-06-20 10:10:21.0,ICICIBANK,936.6,507.0
2025-06-20 10:10:22.0,ICICIBANK,926.39,760.0
2025-06-20 10:10:23.0,ICICIBANK,967.74,992.0
2025-06-20 10:10:24.0,ICICIBANK,992.91,465.0
2025-06-20 10:10:25.0,ICICIBANK,1082.14,909.0
2025-06-20 10:10:26.0,ICICIBANK,970.47,416.0
2025-06-20 10:10:27.0,ICICIBANK,955.09,346.0
2025-06-20 10:10:28.0,ICICIBANK,1093.17,307.0
2025-06-20 10:10:29.0,ICICIBANK,985.91,127.0
2025-06-20 10:10:30.0,ICICIBANK,1031.64,348.0
2025-06-20 10:10:31.0,ICICIBANK,1054.11,222.0
2025-06-20 10:10:32.0,ICICIBANK,1026.12,558.0
2025-06-20 10:10:33.0,ICICIBANK,1032.43,797.0
2025-06-20 10:10:34.0,ICICIBANK,1075.53,387.0
2025-06-20 10:10:35.0,ICICIBANK,1028.3,282.0
2025-06-20 10:10:36.0,ICICIBANK,999.0,489.0
2025-06-20 10:10:37.0,ICICIBANK,1051.27,371.0
2025-06-20 10:10:38.0,ICICIBANK,914.54,507.0
2025-06-20 10:10:39.0,ICICIBANK,1036.98,806.0
2025-06-20 10:10:40.0,ICICIBANK,1064.94,675.0
2025-06-20 10:10:41.0,ICICIBANK,1024.55,936.0
2025-06-20 10:10:42.0,ICICIBANK,1059.34,605.0
2025-06-20 10:10:43.0,ICICIBANK,975.15,441.0
2025-06-20 10:10:44.0,ICICIBANK,1066.91,898.0
2025-06-20 10:10:45.0,ICICIBANK,1016.96,995.0
2025-06-20 10:10:46.0,ICICIBANK,949.15,823.0
2025-06-20 10:10:47.0,ICICIBANK,1085.87,536.0
2025-06-20 10:10:48.0,ICICIBANK,1049.46,645.0
2025-06-20 10:10:49.0,ICICIBANK,974.28,396.0
2025-06-20 10:10:50.0,ICICIBANK,942.13,114.0
2025-06-20 10:10:51.0,ICICIBANK,1018.23,125.0
2025-06-20 10:10:52.0,ICICIBANK,936.03,829.0
2025-06-20 10:10:53.0,ICICIBANK,983.32,793.0
2025-06-20 10:10:54.0,ICICIBANK,908.47,118.0
2025-06-20 10:10:55.0,ICICIBANK,1077.59,958.0
2025-06-20 10:10:56.0,ICICIBANK,946.09,247.0
2025-06-20 10:10:57.0,ICICIBANK,1088.8,131.0
2025-06-20 10:10:58.0,ICICIBANK,1076.26,778.0
2025-06-20 10:10:59.0,ICICIBANK,1031.85,881.0
2025-06-20 10:11:00.0,ICICIBANK,1054.63,937.0
2025-06-20 10:11:01.0,ICICIBANK,923.12,238.0
2025-06-20 10:11:02.0,ICICIBANK,910.13,457.0
2025-06-20 10:11:03.0,ICICIBANK,1007.27,556.0
2025-06-20 10:11:04.0,ICICIBANK,1058.62,961.0
2025-06-20 10:11:05.0,ICICIBANK,939.44,927.0
2025-06-20 10:11:06.0,ICICIBANK,1023.98,142.0
2025-06-20 10:11:07.0,ICICIBANK,943.34,149.0
2025-06-20 10:11:08.0,ICICIBANK,933.39,603.0
2025-06-20 10:11:09.0,ICICIBANK,1003.04,603.0
2025-06-20 10:11:10.0,ICICIBANK,989.75,581.0
2025-06-20 10:11:11.0,ICICIBANK,1096.21,516.0
2025-06-20 10:11:12.0,ICICIBANK,1075.69,476.0
2025-06-20 10:11:13.0,ICICIBANK,1076.49,623.0
2025-06-20 10:11:14.0,ICICIBANK,984.85,677.0
2025-06-20 10:11:15.0,ICICIBANK,980.62,845.0
2025-06-20 10:11:16.0,ICICIBANK,942.82,595.0
2025-06-20 10:11:17.0,ICICIBANK,975.72,940.0
2025-06-20 10:11:18.0,ICICIBANK,974.67,479.0
2025-06-20 10:11:19.0,ICICIBANK,919.96,928.0
2025-06-20 10:11:20.0,ICICIBANK,1015.91,227.0
2025-06-20 10:11:21.0,ICICIBANK,1052.81,666.0
2025-06-20 10:11:22.0,ICICIBANK,908.13,188.0
2025-06-20 10:11:23.0,ICICIBANK,1096.14,1000.0
2025-06-20 10:11:24.0,ICICIBANK,1010.31,384.0
2025-06-20 10:11:25.0,ICICIBANK,1011.54,966.0
2025-06-20 10:11:26.0,ICICIBANK,928.07,585.0
2025-06-20 10:11:27.0,ICICIBANK,1065.37,482.0
2025-06-20 10:11:28.0,ICICIBANK,980.67,680.0
2025-06-20 10:11:29.0,ICICIBANK,1028.07,952.0
2025-06-20 10:11:30.0,ICICIBANK,1073.71,488.0
2025-06-20 10:11:31.0,ICICIBANK,1052.92,157.0
2025-06-20 10:11:32.0,ICICIBANK,1019.78,864.0
2025-06-20 10:11:33.0,ICICIBANK,965.02,815.0
2025-06-20 10:11:34.0,ICICIBANK,970.4,616.0
2025-06-20 10:11:35.0,ICICIBANK,990.71,297.0
2025-06-20 10:11:36.0,ICICIBANK,1047.04,769.0
2025-06-20 10:11:37.0,ICICIBANK,1083.29,962.0
2025-06-20 10:11:38.0,ICICIBANK,901.52,413.0
2025-06-20 10:11:39.0,ICICIBANK,1039.36,689.0
2025-06-20 10:11:40.0,ICICIBANK,915.99,182.0
2025-06-20 10:11:41.0,ICICIBANK,953.55,750.0
2025-06-20 10:11:42.0,ICICIBANK,939.9,684.0
2025-06-20 10:11:43.0,ICICIBANK,1092.14,909.0
2025-06-20 10:11:44.0,ICICIBANK,1038.06,343.0
2025-06-20 10:11:45.0,ICICIBANK,1055.3,565.0
2025-06-20 10:11:46.0,ICICIBANK,902.46,763.0
2025-06-20 10:11:47.0,ICICIBANK,1025.0,240.0
2025-06-20 10:11:48.0,ICICIBANK,906.67,475.0
2025-06-20 10:11:49.0,ICICIBANK,1082.27,450.0
2025-06-20 10:11:50.0,ICICIBANK,904.61,171.0
2025-06-20 10:11:51.0,ICICIBANK,976.62,442.0
2025-06-20 10:11:52.0,ICICIBANK,930.26,910.0
2025-06-20 10:11:53.0,ICICIBANK,943.06,196.0
2025-06-20 10:11:54.0,ICICIBANK,1067.62,894.0
2025-06-20 10:11:55.0,ICICIBANK,1065.88,803.0
2025-06-20 10:11:56.0,ICICIBANK,904.79,754.0
2025-06-20 10:11:57.0,ICICIBANK,1065.86,161.0
2025-06-20 10:11:58.0,ICICIBANK,930.15,206.0
2025-06-20 10:11:59.0,ICICIBANK,946.9,574.0
2025-06-20 10:12:00.0,ICICIBANK,992.0,657.0
2025-06-20 10:12:01.0,ICICIBANK,987.65,998.0
2025-06-20 10:12:02.0,ICICIBANK,1033.97,282.0
2025-06-20 10:12:03.0,ICICIBANK,1071.39,213.0
2025-06-20 10:12:04.0,ICICIBANK,963.78,800.0
2025-06-20 10:12:05.0,ICICIBANK,996.91,553.0
2025-06-20 10:12:06.0,ICICIBANK,904.7,500.0
2025-06-20 10:12:07.0,ICICIBANK,905.38,693.0
2025-06-20 10:12:08.0,ICICIBANK,952.0,141.0
2025-06-20 10:12:09.0,ICICIBANK,1054.96,486.0
2025-06-20 10:12:10.0,ICICIBANK,1067.79,932.0
2025-06-20 10:12:11.0,ICICIBANK,1037.99,460.0
2025-06-20 10:12:12.0,ICICIBANK,960.01,457.0
2025-06-20 10:12:13.0,ICICIBANK,994.12,173.0
2025-06-20 10:12:14.0,ICICIBANK,1068.88,967.0
2025-06-20 10:12:15.0,ICICIBANK,958.5,100.0
2025-06-20 10:12:16.0,ICICIBANK,1072.01,496.0
2025-06-20 10:12:17.0,ICICIBANK,911.86,814.0
2025-06-20 10:12:18.0,ICICIBANK,915.79,877.0
2025-06-20 10:12:19.0,ICICIBANK,997.52,558.0
2025-06-20 10:12:20.0,ICICIBANK,936.99,750.0
2025-06-20 10:12:21.0,ICICIBANK,1019.37,688.0
2025-06-20 10:12:22.0,ICICIBANK,1008.36,930.0
2025-06-20 10:12:23.0,ICICIBANK,1007.06,182.0
2025-06-20 10:12:24.0,ICICIBANK,918.88,252.0
2025-06-20 10:12:25.0,ICICIBANK,1098.63,925.0
2025-06-20 10:12:26.0,ICICIBANK,1062.47,753.0
2025-06-20 10:12:27.0,ICICIBANK,1029.27,590.0
2025-06-20 10:12:28.0,ICICIBANK,1017.84,522.0
2025-06-20 10:12:29.0,ICICIBANK,1009.91,715.0
2025-06-20 10:12:30.0,ICICIBANK,980.09,406.0
2025-06-20 10:12:31.0,ICICIBANK,1083.52,441.0
2025-06-20 10:12:32.0,ICICIBANK,934.61,917.0
2025-06-20 10:12:33.0,ICICIBANK,1038.97,497.0
2025-06-20 10:12:34.0,ICICIBANK,1069.35,232.0
2025-06-20 10:12:35.0,ICICIBANK,904.73,559.0
2025-06-20 10:12:36.0,ICICIBANK,968.09,676.0
2025-06-20 10:12:37.0,ICICIBANK,1018.27,704.0
2025-06-20 10:12:38.0,ICICIBANK,1092.04,139.0
2025-06-20 10:12:39.0,ICICIBANK,1002.69,170.0
2025-06-20 10:12:40.0,ICICIBANK,958.22,148.0
2025-06-20 10:12:41.0,ICICIBANK,1061.0,579.0
2025-06-20 10:12:42.0,ICICIBANK,952.45,590.0
2025-06-20 10:12:43.0,ICICIBANK,968.87,452.0
2025-06-20 10:12:44.0,ICICIBANK,956.53,712.0
2025-06-20 10:12:45.0,ICICIBANK,1009.96,767.0
2025-06-20 10:12:46.0,ICICIBANK,964.45,344.0
2025-06-20 10:12:47.0,ICICIBANK,1027.73,369.0
2025-06-20 10:12:48.0,ICICIBANK,1026.98,246.0
2025-06-20 10:12:49.0,ICICIBANK,1058.35,892.0
2025-06-20 10:12:50.0,ICICIBANK,1008.29,280.0
2025-06-20 10:12:51.0,ICICIBANK,1046.88,110.0
2025-06-20 10:12:52.0,ICICIBANK,1067.36,381.0
2025-06-20 10:12:53.0,ICICIBANK,937.83,332.0
2025-06-20 10:12:54.0,ICICIBANK,963.49,115.0
2025-06-20 10:12:55.0,ICICIBANK,1007.77,542.0
2025-06-20 10:12:56.0,ICICIBANK,957.37,984.0
2025-06-20 10:12:57.0,ICICIBANK,1077.46,776.0
2025-06-20 10:12:58.0,ICICIBANK,934.21,321.0
2025-06-20 10:12:59.0,ICICIBANK,906.05,679.0
2025-06-20 10:13:00.0,ICICIBANK,1060.96,582.0
2025-06-20 10:13:01.0,ICICIBANK,1016.56,467.0
2025-06-20 10:13:02.0,ICICIBANK,1057.3,929.0
2025-06-20 10:13:03.0,ICICIBANK,1094.04,867.0
2025-06-20 10:13:04.0,ICICIBANK,1013.48,987.0
2025-06-20 10:13:05.0,ICICIBANK,965.48,415.0
2025-06-20 10:13:06.0,ICICIBANK,1017.83,519.0
2025-06-20 10:13:07.0,ICICIBANK,1019.42,850.0
2025-06-20 10:13:08.0,ICICIBANK,998.31,639.0
2025-06-20 10:13:09.0,ICICIBANK,1074.0,833.0
2025-06-20 10:13:10.0,ICICIBANK,1073.28,469.0
2025-06-20 10:13:11.0,ICICIBANK,976.76,720.0
2025-06-20 10:13:12.0,ICICIBANK,926.29,316.0
2025-06-20 10:13:13.0,ICICIBANK,1000.2,790.0
2025-06-20 10:13:14.0,ICICIBANK,923.66,480.0
2025-06-20 10:13:15.0,ICICIBANK,1042.73,492.0
2025-06-20 10:13:16.0,ICICIBANK,1043.11,455.0
2025-06-20 10:13:17.0,ICICIBANK,1070.49,522.0
2025-06-20 10:13:18.0,ICICIBANK,1000.06,239.0
2025-06-20 10:13:19.0,ICICIBANK,921.48,777.0
2025-06-20 10:13:20.0,ICICIBANK,922.97,999.0
2025-06-20 10:13:21.0,ICICIBANK,932.26,508.0
2025-06-20 10:13:22.0,ICICIBANK,990.58,510.0
2025-06-20 10:13:23.0,ICICIBANK,986.97,182.0
2025-06-20 10:13:24.0,ICICIBANK,973.72,906.0
2025-06-20 10:13:25.0,ICICIBANK,1068.7,768.0
2025-06-20 10:13:26.0,ICICIBANK,973.7,311.0
2025-06-20 10:13:27.0,ICICIBANK,907.04,285.0
2025-06-20 10:13:28.0,ICICIBANK,989.76,801.0
2025-06-20 10:13:29.0,ICICIBANK,1058.56,421.0
2025-06-20 10:13:30.0,ICICIBANK,987.49,677.0
2025-06-20 10:13:31.0,ICICIBANK,1021.3,664.0
2025-06-20 10:13:32.0,ICICIBANK,996.6,705.0
2025-06-20 10:13:33.0,ICICIBANK,1054.84,919.0
2025-06-20 10:13:34.0,ICICIBANK,991.98,964.0
2025-06-20 10:13:35.0,ICICIBANK,958.27,290.0
2025-06-20 10:13:36.0,ICICIBANK,942.2,135.0
2025-06-20 10:13:37.0,ICICIBANK,901.47,235.0
2025-06-20 10:13:38.0,ICICIBANK,936.36,950.0
2025-06-20 10:13:39.0,ICICIBANK,975.02,949.0
2025-06-20 10:13:40.0,ICICIBANK,979.53,743.0
2025-06-20 10:13:41.0,ICICIBANK,1010.61,128.0
2025-06-20 10:13:42.0,ICICIBANK,907.28,595.0
2025-06-20 10:13:43.0,ICICIBANK,917.66,487.0
2025-06-20 10:13:44.0,ICICIBANK,1017.58,770.0
2025-06-20 10:13:45.0,ICICIBANK,930.87,942.0
2025-06-20 10:13:46.0,ICICIBANK,925.43,119.0
2025-06-20 10:13:47.0,ICICIBANK,958.32,520.0
2025-06-20 10:13:48.0,ICICIBANK,915.22,545.0
2025-06-20 10:13:49.0,ICICIBANK,1032.19,962.0
2025-06-20 10:13:50.0,ICICIBANK,940.37,808.0
2025-06-20 10:13:51.0,ICICIBANK,1090.7,561.0
2025-06-20 10:13:52.0,ICICIBANK,1011.88,264.0
2025-06-20 10:13:53.0,ICICIBANK,1045.01,614.0
2025-06-20 10:13:54.0,ICICIBANK,982.47,467.0
2025-06-20 10:13:55.0,ICICIBANK,955.85,247.0
2025-06-20 10:13:56.0,ICICIBANK,1058.99,929.0
2025-06-20 10:13:57.0,ICICIBANK,1095.61,696.0
2025-06-20 10:13:58.0,ICICIBANK,914.57,712.0
2025-06-20 10:13:59.0,ICICIBANK,942.13,186.0
2025-06-20 10:14:00.0,ICICIBANK,967.79,902.0
2025-06-20 10:14:01.0,ICICIBANK,1096.23,535.0
2025-06-20 10:14:02.0,ICICIBANK,972.93,454.0
2025-06-20 10:14:03.0,ICICIBANK,919.92,570.0
2025-06-20 10:14:04.0,ICICIBANK,1062.52,612.0
2025-06-20 10:14:05.0,ICICIBANK,941.4,205.0
2025-06-20 10:14:06.0,ICICIBANK,1036.59,928.0
2025-06-20 10:14:07.0,ICICIBANK,1052.27,130.0
2025-06-20 10:14:08.0,ICICIBANK,970.3,874.0
2025-06-20 10:14:09.0,ICICIBANK,1078.61,910.0
2025-06-20 10:14:10.0,ICICIBANK,1029.23,790.0
2025-06-20 10:14:11.0,ICICIBANK,1075.58,241.0
2025-06-20 10:14:12.0,ICICIBANK,993.16,629.0
2025-06-20 10:14:13.0,ICICIBANK,945.15,724.0
2025-06-20 10:14:14.0,ICICIBANK,915.76,425.0
2025-06-20 10:14:15.0,ICICIBANK,1030.0,919.0
2025-06-20 10:14:16.0,ICICIBANK,964.02,676.0
2025-06-20 10:14:17.0,ICICIBANK,1098.73,631.0
2025-06-20 10:14:18.0,ICICIBANK,922.58,752.0
2025-06-20 10:14:19.0,ICICIBANK,953.78,811.0
2025-06-20 10:14:20.0,ICICIBANK,924.72,225.0
2025-06-20 10:14:21.0,ICICIBANK,939.14,942.0
2025-06-20 10:14:22.0,ICICIBANK,1062.32,505.0
2025-06-20 10:14:23.0,ICICIBANK,1063.98,251.0
2025-06-20 10:14:24.0,ICICIBANK,946.2,210.0
2025-06-20 10:14:25.0,ICICIBANK,959.47,986.0
2025-06-20 10:14:26.0,ICICIBANK,1057.53,944.0
2025-06-20 10:14:27.0,ICICIBANK,1036.28,157.0
2025-06-20 10:14:28.0,ICICIBANK,922.25,692.0
2025-06-20 10:14:29.0,ICICIBANK,922.25,872.0
2025-06-20 10:14:30.0,ICICIBANK,939.82,978.0
2025-06-20 10:14:31.0,ICICIBANK,947.34,376.0
2025-06-20 10:14:32.0,ICICIBANK,1075.89,117.0
2025-06-20 10:14:33.0,ICICIBANK,1090.85,973.0
2025-06-20 10:14:34.0,ICICIBANK,908.15,351.0
2025-06-20 10:14:35.0,ICICIBANK,1024.16,344.0
2025-06-20 10:14:36.0,ICICIBANK,917.88,527.0
2025-06-20 10:14:37.0,ICICIBANK,1008.91,200.0
2025-06-20 10:14:38.0,ICICIBANK,1023.85,364.0
2025-06-20 10:14:39.0,ICICIBANK,904.15,238.0
2025-06-20 10:14:40.0,ICICIBANK,943.85,218.0
2025-06-20 10:14:41.0,ICICIBANK,952.14,248.0
2025-06-20 10:14:42.0,ICICIBANK,987.39,959.0
2025-06-20 10:14:43.0,ICICIBANK,1067.4,798.0
2025-06-20 10:14:44.0,ICICIBANK,925.22,223.0
2025-06-20 10:14:45.0,ICICIBANK,935.29,108.0
2025-06-20 10:14:46.0,ICICIBANK,998.3,440.0
2025-06-20 10:14:47.0,ICICIBANK,1041.57,563.0
2025-06-20 10:14:48.0,ICICIBANK,984.6,515.0
2025-06-20 10:14:49.0,ICICIBANK,927.38,978.0
2025-06-20 10:14:50.0,ICICIBANK,1097.6,203.0
2025-06-20 10:14:51.0,ICICIBANK,1004.66,306.0
2025-06-20 10:14:52.0,ICICIBANK,1062.73,850.0
2025-06-20 10:14:53.0,ICICIBANK,937.0,167.0
2025-06-20 10:14:54.0,ICICIBANK,980.78,146.0
2025-06-20 10:14:55.0,ICICIBANK,1050.35,791.0
2025-06-20 10:14:56.0,ICICIBANK,950.72,429.0
2025-06-20 10:14:57.0,ICICIBANK,902.16,463.0
2025-06-20 10:14:58.0,ICICIBANK,933.22,320.0
2025-06-20 10:14:59.0,ICICIBANK,1027.78,327.0
2025-06-20 10:15:00.0,ICICIBANK,1005.56,440.0
2025-06-20 10:15:01.0,ICICIBANK,1094.08,559.0
2025-06-20 10:15:02.0,ICICIBANK,1087.94,800.0
2025-06-20 10:15:03.0,ICICIBANK,1009.38,293.0
2025-06-20 10:15:04.0,ICICIBANK,1098.02,139.0
2025-06-20 10:15:05.0,ICICIBANK,909.8,803.0
2025-06-20 10:15:06.0,ICICIBANK,1083.13,226.0
2025-06-20 10:15:07.0,ICICIBANK,1062.79,213.0
2025-06-20 10:15:08.0,ICICIBANK,920.22,413.0
2025-06-20 10:15:09.0,ICICIBANK,979.08,433.0
2025-06-20 10:15:10.0,ICICIBANK,1065.61,134.0
2025-06-20 10:15:11.0,ICICIBANK,1046.0,426.0
2025-06-20 10:15:12.0,ICICIBANK,1030.95,991.0
2025-06-20 10:15:13.0,ICICIBANK,1027.58,108.0
2025-06-20 10:15:14.0,ICICIBANK,974.86,767.0
2025-06-20 10:15:15.0,ICICIBANK,1009.62,976.0
2025-06-20 10:15:16.0,ICICIBANK,999.52,506.0
2025-06-20 10:15:17.0,ICICIBANK,1037.36,716.0
2025-06-20 10:15:18.0,ICICIBANK,1033.22,545.0
2025-06-20 10:15:19.0,ICICIBANK,942.41,345.0
2025-06-20 10:15:20.0,ICICIBANK,957.26,361.0
2025-06-20 10:15:21.0,ICICIBANK,981.43,258.0
2025-06-20 10:15:22.0,ICICIBANK,965.4,889.0
2025-06-20 10:15:23.0,ICICIBANK,1026.51,958.0
2025-06-20 10:15:24.0,ICICIBANK,909.44,880.0
2025-06-20 10:15:25.0,ICICIBANK,957.89,448.0
2025-06-20 10:15:26.0,ICICIBANK,970.09,223.0
2025-06-20 10:15:27.0,ICICIBANK,1071.06,354.0
2025-06-20 10:15:28.0,ICICIBANK,1013.98,530.0
2025-06-20 10:15:29.0,ICICIBANK,994.94,371.0
2025-06-20 10:15:30.0,ICICIBANK,1031.8,255.0
2025-06-20 10:15:31.0,ICICIBANK,1077.62,545.0
2025-06-20 10:15:32.0,ICICIBANK,1011.31,805.0
2025-06-20 10:15:33.0,ICICIBANK,975.05,831.0
2025-06-20 10:15:34.0,ICICIBANK,942.44,937.0
2025-06-20 10:15:35.0,ICICIBANK,1079.36,699.0
2025-06-20 10:15:36.0,ICICIBANK,1013.51,328.0
2025-06-20 10:15:37.0,ICICIBANK,1042.66,746.0
2025-06-20 10:15:38.0,ICICIBANK,916.38,713.0
2025-06-20 10:15:39.0,ICICIBANK,1006.46,306.0
2025-06-20 10:15:40.0,ICICIBANK,1032.61,285.0
2025-06-20 10:15:41.0,ICICIBANK,954.37,933.0
2025-06-20 10:15:42.0,ICICIBANK,943.61,653.0
2025-06-20 10:15:43.0,ICICIBANK,956.72,862.0
2025-06-20 10:15:44.0,ICICIBANK,1096.29,326.0
2025-06-20 10:15:45.0,ICICIBANK,906.82,173.0
2025-06-20 10:15:46.0,ICICIBANK,1014.1,496.0
2025-06-20 10:15:47.0,ICICIBANK,989.45,668.0
2025-06-20 10:15:48.0,ICICIBANK,941.15,647.0
2025-06-20 10:15:49.0,ICICIBANK,1011.14,271.0
2025-06-20 10:15:50.0,ICICIBANK,1008.28,173.0
2025-06-20 10:15:51.0,ICICIBANK,1094.25,569.0
2025-06-20 10:15:52.0,ICICIBANK,959.44,540.0
2025-06-20 10:15:53.0,ICICIBANK,1009.48,147.0
2025-06-20 10:15:54.0,ICICIBANK,1066.62,312.0
2025-06-20 10:15:55.0,ICICIBANK,918.38,243.0
2025-06-20 10:15:56.0,ICICIBANK,997.64,980.0
2025-06-20 10:15:57.0,ICICIBANK,1024.66,991.0
2025-06-20 10:15:58.0,ICICIBANK,928.98,765.0
2025-06-20 10:15:59.0,ICICIBANK,1039.14,387.0
2025-06-20 10:16:00.0,ICICIBANK,951.0,740.0
2025-06-20 10:16:01.0,ICICIBANK,1030.2,922.0
2025-06-20 10:16:02.0,ICICIBANK,919.38,458.0
2025-06-20 10:16:03.0,ICICIBANK,1097.78,812.0
2025-06-20 10:16:04.0,ICICIBANK,1018.94,888.0
2025-06-20 10:16:05.0,ICICIBANK,900.97,597.0
2025-06-20 10:16:06.0,ICICIBANK,922.75,970.0
2025-06-20 10:16:07.0,ICICIBANK,1070.9,629.0
2025-06-20 10:16:08.0,ICICIBANK,1067.58,161.0
2025-06-20 10:16:09.0,ICICIBANK,998.82,375.0
2025-06-20 10:16:10.0,ICICIBANK,927.79,672.0
2025-06-20 10:16:11.0,ICICIBANK,1023.25,969.0
2025-06-20 10:16:12.0,ICICIBANK,1085.27,948.0
2025-06-20 10:16:13.0,ICICIBANK,1066.66,486.0
2025-06-20 10:16:14.0,ICICIBANK,925.0,380.0
2025-06-20 10:16:15.0,ICICIBANK,979.85,993.0
2025-06-20 10:16:16.0,ICICIBANK,1086.61,654.0
2025-06-20 10:16:17.0,ICICIBANK,995.99,659.0
2025-06-20 10:16:18.0,ICICIBANK,949.97,673.0
2025-06-20 10:16:19.0,ICICIBANK,1084.2,752.0
2025-06-20 10:16:20.0,ICICIBANK,931.54,362.0
2025-06-20 10:16:21.0,ICICIBANK,1058.05,108.0
2025-06-20 10:16:22.0,ICICIBANK,1081.4,804.0
2025-06-20 10:16:23.0,ICICIBANK,999.08,180.0
2025-06-20 10:16:24.0,ICICIBANK,1029.34,767.0
2025-06-20 10:16:25.0,ICICIBANK,919.71,943.0
2025-06-20 10:16:26.0,ICICIBANK,904.36,453.0
2025-06-20 10:16:27.0,ICICIBANK,1058.09,138.0
2025-06-20 10:16:28.0,ICICIBANK,1026.45,962.0
2025-06-20 10:16:29.0,ICICIBANK,985.32,990.0
2025-06-20 10:16:30.0,ICICIBANK,908.96,510.0
2025-06-20 10:16:31.0,ICICIBANK,981.8,726.0
2025-06-20 10:16:32.0,ICICIBANK,1038.44,260.0
2025-06-20 10:16:33.0,ICICIBANK,1057.74,649.0
2025-06-20 10:16:34.0,ICICIBANK,953.73,373.0
2025-06-20 10:16:35.0,ICICIBANK,1011.93,380.0
2025-06-20 10:16:36.0,ICICIBANK,901.45,912.0
2025-06-20 10:16:37.0,ICICIBANK,923.15,923.0
2025-06-20 10:16:38.0,ICICIBANK,1097.68,934.0
2025-06-20 10:16:39.0,ICICIBANK,955.81,526.0
