Timestamp,Symbol,Price,Volume
2025-06-20 10:00:00.0,INFY,1563.45,1000.0
2025-06-20 10:00:00.0,INFY,1381.86,957.0
2025-06-20 10:00:01.0,INFY,1381.79,801.0
2025-06-20 10:00:02.0,INFY,1575.0,1100.0
2025-06-20 10:00:02.0,INFY,1305.33,678.0
2025-06-20 10:00:03.0,INFY,1327.3,288.0
2025-06-20 10:00:04.0,INFY,1471.73,303.0
2025-06-20 10:00:05.0,INFY,1388.06,366.0
2025-06-20 10:00:06.0,INFY,1442.35,539.0
2025-06-20 10:00:07.0,INFY,1497.24,792.0
2025-06-20 10:00:08.0,INFY,1493.26,497.0
2025-06-20 10:00:09.0,INFY,1311.36,853.0
2025-06-20 10:00:10.0,INFY,1353.73,559.0
2025-06-20 10:00:11.0,INFY,1314.96,677.0
2025-06-20 10:00:12.0,INFY,1428.67,737.0
2025-06-20 10:00:13.0,INFY,1388.12,731.0
2025-06-20 10:00:14.0,INFY,1311.54,309.0
2025-06-20 10:00:15.0,INFY,1436.67,978.0
2025-06-20 10:00:16.0,INFY,1468.87,134.0
2025-06-20 10:00:17.0,INFY,1383.46,959.0
2025-06-20 10:00:18.0,INFY,1407.2,336.0
2025-06-20 10:00:19.0,INFY,1386.28,967.0
2025-06-20 10:00:20.0,INFY,1454.42,101.0
2025-06-20 10:00:21.0,INFY,1313.91,125.0
2025-06-20 10:00:22.0,INFY,1378.05,668.0
2025-06-20 10:00:23.0,INFY,1373.98,376.0
2025-06-20 10:00:24.0,INFY,1496.66,634.0
2025-06-20 10:00:25.0,INFY,1354.13,834.0
2025-06-20 10:00:26.0,INFY,1468.96,317.0
2025-06-20 10:00:27.0,INFY,1374.37,913.0
2025-06-20 10:00:28.0,INFY,1380.18,704.0
2025-06-20 10:00:29.0,INFY,1486.87,535.0
2025-06-20 10:00:30.0,INFY,1367.55,805.0
2025-06-20 10:00:31.0,INFY,1458.59,228.0
2025-06-20 10:00:32.0,INFY,1379.7,271.0
2025-06-20 10:00:33.0,INFY,1307.47,269.0
2025-06-20 10:00:34.0,INFY,1300.56,968.0
2025-06-20 10:00:35.0,INFY,1426.23,589.0
2025-06-20 10:00:36.0,INFY,1370.0,653.0
2025-06-20 10:00:37.0,INFY,1497.27,814.0
2025-06-20 10:00:38.0,INFY,1435.7,559.0
2025-06-20 10:00:39.0,INFY,1433.62,582.0
2025-06-20 10:00:40.0,INFY,1480.99,505.0
2025-06-20 10:00:41.0,INFY,1336.53,373.0
2025-06-20 10:00:42.0,INFY,1382.89,393.0
2025-06-20 10:00:43.0,INFY,1322.34,477.0
2025-06-20 10:00:44.0,INFY,1408.96,575.0
2025-06-20 10:00:45.0,INFY,1465.89,619.0
2025-06-20 10:00:46.0,INFY,1457.86,431.0
2025-06-20 10:00:47.0,INFY,1324.19,328.0
2025-06-20 10:00:48.0,INFY,1320.54,430.0
2025-06-20 10:00:49.0,INFY,1392.29,304.0
2025-06-20 10:00:50.0,INFY,1351.5,877.0
2025-06-20 10:00:51.0,INFY,1423.15,935.0
2025-06-20 10:00:52.0,INFY,1481.26,213.0
2025-06-20 10:00:53.0,INFY,1472.29,211.0
2025-06-20 10:00:54.0,INFY,1348.2,625.0
2025-06-20 10:00:55.0,INFY,1322.62,211.0
2025-06-20 10:00:56.0,INFY,1483.43,383.0
2025-06-20 10:00:57.0,INFY,1358.52,150.0
2025-06-20 10:00:58.0,INFY,1401.37,704.0
2025-06-20 10:00:59.0,INFY,1395.25,877.0
2025-06-20 10:01:00.0,INFY,1330.05,130.0
2025-06-20 10:01:01.0,INFY,1305.3,575.0
2025-06-20 10:01:02.0,INFY,1485.22,641.0
2025-06-20 10:01:03.0,INFY,1309.73,929.0
2025-06-20 10:01:04.0,INFY,1423.96,734.0
2025-06-20 10:01:05.0,INFY,1403.28,698.0
2025-06-20 10:01:06.0,INFY,1300.07,656.0
2025-06-20 10:01:07.0,INFY,1326.25,816.0
2025-06-20 10:01:08.0,INFY,1437.48,437.0
2025-06-20 10:01:09.0,INFY,1400.63,730.0
2025-06-20 10:01:10.0,INFY,1342.6,724.0
2025-06-20 10:01:11.0,INFY,1373.94,913.0
2025-06-20 10:01:12.0,INFY,1320.69,116.0
2025-06-20 10:01:13.0,INFY,1499.91,489.0
2025-06-20 10:01:14.0,INFY,1417.38,580.0
2025-06-20 10:01:15.0,INFY,1394.8,895.0
2025-06-20 10:01:16.0,INFY,1496.77,896.0
2025-06-20 10:01:17.0,INFY,1479.96,385.0
2025-06-20 10:01:18.0,INFY,1429.66,891.0
2025-06-20 10:01:19.0,INFY,1383.11,298.0
2025-06-20 10:01:20.0,INFY,1438.09,308.0
2025-06-20 10:01:21.0,INFY,1397.22,664.0
2025-06-20 10:01:22.0,INFY,1430.12,976.0
2025-06-20 10:01:23.0,INFY,1386.3,532.0
2025-06-20 10:01:24.0,INFY,1490.03,653.0
2025-06-20 10:01:25.0,INFY,1355.45,980.0
2025-06-20 10:01:26.0,INFY,1363.5,847.0
2025-06-20 10:01:27.0,INFY,1370.7,704.0
2025-06-20 10:01:28.0,INFY,1382.72,873.0
2025-06-20 10:01:29.0,INFY,1398.62,872.0
2025-06-20 10:01:30.0,INFY,1333.99,752.0
2025-06-20 10:01:31.0,INFY,1439.05,790.0
2025-06-20 10:01:32.0,INFY,1322.78,659.0
2025-06-20 10:01:33.0,INFY,1397.45,750.0
2025-06-20 10:01:34.0,INFY,1457.92,724.0
2025-06-20 10:01:35.0,INFY,1413.99,224.0
2025-06-20 10:01:36.0,INFY,1480.86,514.0
2025-06-20 10:01:37.0,INFY,1464.88,460.0
2025-06-20 10:01:38.0,INFY,1467.95,143.0
2025-06-20 10:01:39.0,INFY,1465.6,432.0
2025-06-20 10:01:40.0,INFY,1314.7,967.0
2025-06-20 10:01:41.0,INFY,1383.96,517.0
2025-06-20 10:01:42.0,INFY,1441.13,885.0
2025-06-20 10:01:43.0,INFY,1441.32,730.0
2025-06-20 10:01:44.0,INFY,1384.93,812.0
2025-06-20 10:01:45.0,INFY,1451.26,823.0
2025-06-20 10:01:46.0,INFY,1455.2,398.0
2025-06-20 10:01:47.0,INFY,1484.44,574.0
2025-06-20 10:01:48.0,INFY,1459.74,252.0
2025-06-20 10:01:49.0,INFY,1436.3,814.0
2025-06-20 10:01:50.0,INFY,1420.65,148.0
2025-06-20 10:01:51.0,INFY,1477.64,475.0
2025-06-20 10:01:52.0,INFY,1374.79,937.0
2025-06-20 10:01:53.0,INFY,1476.43,426.0
2025-06-20 10:01:54.0,INFY,1388.64,443.0
2025-06-20 10:01:55.0,INFY,1379.49,674.0
2025-06-20 10:01:56.0,INFY,1450.22,465.0
2025-06-20 10:01:57.0,INFY,1364.45,539.0
2025-06-20 10:01:58.0,INFY,1388.65,898.0
2025-06-20 10:01:59.0,INFY,1351.83,685.0
2025-06-20 10:02:00.0,INFY,1411.94,748.0
2025-06-20 10:02:01.0,INFY,1365.64,674.0
2025-06-20 10:02:02.0,INFY,1493.22,692.0
2025-06-20 10:02:03.0,INFY,1364.12,167.0
2025-06-20 10:02:04.0,INFY,1313.77,121.0
2025-06-20 10:02:05.0,INFY,1405.54,852.0
2025-06-20 10:02:06.0,INFY,1383.47,961.0
2025-06-20 10:02:07.0,INFY,1366.49,581.0
2025-06-20 10:02:08.0,INFY,1473.43,419.0
2025-06-20 10:02:09.0,INFY,1372.11,924.0
2025-06-20 10:02:10.0,INFY,1418.28,206.0
2025-06-20 10:02:11.0,INFY,1346.5,287.0
2025-06-20 10:02:12.0,INFY,1336.62,125.0
2025-06-20 10:02:13.0,INFY,1485.33,536.0
2025-06-20 10:02:14.0,INFY,1489.12,685.0
2025-06-20 10:02:15.0,INFY,1391.47,745.0
2025-06-20 10:02:16.0,INFY,1445.69,631.0
2025-06-20 10:02:17.0,INFY,1498.54,711.0
2025-06-20 10:02:18.0,INFY,1471.76,634.0
2025-06-20 10:02:19.0,INFY,1457.76,963.0
2025-06-20 10:02:20.0,INFY,1440.29,346.0
2025-06-20 10:02:21.0,INFY,1390.97,152.0
2025-06-20 10:02:22.0,INFY,1408.43,270.0
2025-06-20 10:02:23.0,INFY,1489.33,146.0
2025-06-20 10:02:24.0,INFY,1451.77,235.0
2025-06-20 10:02:25.0,INFY,1436.06,586.0
2025-06-20 10:02:26.0,INFY,1470.01,209.0
2025-06-20 10:02:27.0,INFY,1367.25,510.0
2025-06-20 10:02:28.0,INFY,1469.86,679.0
2025-06-20 10:02:29.0,INFY,1482.03,267.0
2025-06-20 10:02:30.0,INFY,1302.43,221.0
2025-06-20 10:02:31.0,INFY,1370.0,829.0
2025-06-20 10:02:32.0,INFY,1396.39,257.0
2025-06-20 10:02:33.0,INFY,1482.07,957.0
2025-06-20 10:02:34.0,INFY,1455.43,615.0
2025-06-20 10:02:35.0,INFY,1340.47,293.0
2025-06-20 10:02:36.0,INFY,1394.73,393.0
2025-06-20 10:02:37.0,INFY,1455.42,394.0
2025-06-20 10:02:38.0,INFY,1314.75,404.0
2025-06-20 10:02:39.0,INFY,1362.56,188.0
2025-06-20 10:02:40.0,INFY,1359.49,263.0
2025-06-20 10:02:41.0,INFY,1458.58,751.0
2025-06-20 10:02:42.0,INFY,1441.66,178.0
2025-06-20 10:02:43.0,INFY,1359.49,172.0
2025-06-20 10:02:44.0,INFY,1347.16,363.0
2025-06-20 10:02:45.0,INFY,1350.59,115.0
2025-06-20 10:02:46.0,INFY,1444.72,279.0
2025-06-20 10:02:47.0,INFY,1437.67,859.0
2025-06-20 10:02:48.0,INFY,1491.45,332.0
2025-06-20 10:02:49.0,INFY,1366.47,460.0
2025-06-20 10:02:50.0,INFY,1316.6,220.0
2025-06-20 10:02:51.0,INFY,1324.12,794.0
2025-06-20 10:02:52.0,INFY,1495.51,925.0
2025-06-20 10:02:53.0,INFY,1483.91,587.0
2025-06-20 10:02:54.0,INFY,1316.16,710.0
2025-06-20 10:02:55.0,INFY,1359.09,909.0
2025-06-20 10:02:56.0,INFY,1418.05,738.0
2025-06-20 10:02:57.0,INFY,1434.14,152.0
2025-06-20 10:02:58.0,INFY,1311.55,736.0
2025-06-20 10:02:59.0,INFY,1443.91,393.0
2025-06-20 10:03:00.0,INFY,1497.52,808.0
2025-06-20 10:03:01.0,INFY,1327.97,730.0
2025-06-20 10:03:02.0,INFY,1368.25,877.0
2025-06-20 10:03:03.0,INFY,1383.92,487.0
2025-06-20 10:03:04.0,INFY,1386.14,759.0
2025-06-20 10:03:05.0,INFY,1397.01,984.0
2025-06-20 10:03:06.0,INFY,1379.71,970.0
2025-06-20 10:03:07.0,INFY,1399.67,845.0
2025-06-20 10:03:08.0,INFY,1494.17,241.0
2025-06-20 10:03:09.0,INFY,1415.97,776.0
2025-06-20 10:03:10.0,INFY,1375.84,711.0
2025-06-20 10:03:11.0,INFY,1355.15,148.0
2025-06-20 10:03:12.0,INFY,1387.93,961.0
2025-06-20 10:03:13.0,INFY,1398.58,801.0
2025-06-20 10:03:14.0,INFY,1330.63,435.0
2025-06-20 10:03:15.0,INFY,1479.04,428.0
2025-06-20 10:03:16.0,INFY,1403.06,963.0
2025-06-20 10:03:17.0,INFY,1318.9,378.0
2025-06-20 10:03:18.0,INFY,1449.96,253.0
2025-06-20 10:03:19.0,INFY,1308.68,437.0
2025-06-20 10:03:20.0,INFY,1407.58,584.0
2025-06-20 10:03:21.0,INFY,1445.8,862.0
2025-06-20 10:03:22.0,INFY,1351.24,150.0
2025-06-20 10:03:23.0,INFY,1353.67,269.0
2025-06-20 10:03:24.0,INFY,1489.31,144.0
2025-06-20 10:03:25.0,INFY,1363.1,812.0
2025-06-20 10:03:26.0,INFY,1365.4,186.0
2025-06-20 10:03:27.0,INFY,1448.99,671.0
2025-06-20 10:03:28.0,INFY,1491.0,801.0
2025-06-20 10:03:29.0,INFY,1384.33,582.0
2025-06-20 10:03:30.0,INFY,1311.92,945.0
2025-06-20 10:03:31.0,INFY,1459.9,962.0
2025-06-20 10:03:32.0,INFY,1460.6,141.0
2025-06-20 10:03:33.0,INFY,1309.53,973.0
2025-06-20 10:03:34.0,INFY,1415.3,262.0
2025-06-20 10:03:35.0,INFY,1498.85,751.0
2025-06-20 10:03:36.0,INFY,1334.8,700.0
2025-06-20 10:03:37.0,INFY,1412.48,758.0
2025-06-20 10:03:38.0,INFY,1464.96,608.0
2025-06-20 10:03:39.0,INFY,1455.71,868.0
2025-06-20 10:03:40.0,INFY,1481.11,676.0
2025-06-20 10:03:41.0,INFY,1377.4,632.0
2025-06-20 10:03:42.0,INFY,1334.14,394.0
2025-06-20 10:03:43.0,INFY,1492.9,478.0
2025-06-20 10:03:44.0,INFY,1325.45,607.0
2025-06-20 10:03:45.0,INFY,1493.19,421.0
2025-06-20 10:03:46.0,INFY,1374.42,703.0
2025-06-20 10:03:47.0,INFY,1429.23,471.0
2025-06-20 10:03:48.0,INFY,1329.25,267.0
2025-06-20 10:03:49.0,INFY,1492.72,484.0
2025-06-20 10:03:50.0,INFY,1403.45,845.0
2025-06-20 10:03:51.0,INFY,1348.33,208.0
2025-06-20 10:03:52.0,INFY,1383.26,424.0
2025-06-20 10:03:53.0,INFY,1339.29,450.0
2025-06-20 10:03:54.0,INFY,1416.08,899.0
2025-06-20 10:03:55.0,INFY,1343.14,483.0
2025-06-20 10:03:56.0,INFY,1394.83,343.0
2025-06-20 10:03:57.0,INFY,1485.71,320.0
2025-06-20 10:03:58.0,INFY,1303.8,871.0
2025-06-20 10:03:59.0,INFY,1402.48,997.0
2025-06-20 10:04:00.0,INFY,1336.65,527.0
2025-06-20 10:04:01.0,INFY,1451.75,477.0
2025-06-20 10:04:02.0,INFY,1437.79,236.0
2025-06-20 10:04:03.0,INFY,1482.73,927.0
2025-06-20 10:04:04.0,INFY,1412.92,144.0
2025-06-20 10:04:05.0,INFY,1471.17,871.0
2025-06-20 10:04:06.0,INFY,1409.1,782.0
2025-06-20 10:04:07.0,INFY,1419.9,907.0
2025-06-20 10:04:08.0,INFY,1328.16,908.0
2025-06-20 10:04:09.0,INFY,1424.05,127.0
2025-06-20 10:04:10.0,INFY,1424.71,146.0
2025-06-20 10:04:11.0,INFY,1480.67,235.0
2025-06-20 10:04:12.0,INFY,1436.07,851.0
2025-06-20 10:04:13.0,INFY,1388.04,227.0
2025-06-20 10:04:14.0,INFY,1473.34,959.0
2025-06-20 10:04:15.0,INFY,1410.42,511.0
2025-06-20 10:04:16.0,INFY,1403.61,149.0
2025-06-20 10:04:17.0,INFY,1307.91,734.0
2025-06-20 10:04:18.0,INFY,1374.84,551.0
2025-06-20 10:04:19.0,INFY,1404.41,885.0
2025-06-20 10:04:20.0,INFY,1408.41,220.0
2025-06-20 10:04:21.0,INFY,1471.46,761.0
2025-06-20 10:04:22.0,INFY,1343.08,506.0
2025-06-20 10:04:23.0,INFY,1497.45,333.0
2025-06-20 10:04:24.0,INFY,1456.48,286.0
2025-06-20 10:04:25.0,INFY,1485.05,456.0
2025-06-20 10:04:26.0,INFY,1403.23,742.0
2025-06-20 10:04:27.0,INFY,1342.5,960.0
2025-06-20 10:04:28.0,INFY,1385.28,722.0
2025-06-20 10:04:29.0,INFY,1460.53,743.0
2025-06-20 10:04:30.0,INFY,1481.08,664.0
2025-06-20 10:04:31.0,INFY,1338.0,321.0
2025-06-20 10:04:32.0,INFY,1318.61,103.0
2025-06-20 10:04:33.0,INFY,1396.14,598.0
2025-06-20 10:04:34.0,INFY,1365.54,963.0
2025-06-20 10:04:35.0,INFY,1320.35,206.0
2025-06-20 10:04:36.0,INFY,1336.37,923.0
2025-06-20 10:04:37.0,INFY,1451.48,470.0
2025-06-20 10:04:38.0,INFY,1313.46,867.0
2025-06-20 10:04:39.0,INFY,1366.49,641.0
2025-06-20 10:04:40.0,INFY,1328.68,697.0
2025-06-20 10:04:41.0,INFY,1362.52,311.0
2025-06-20 10:04:42.0,INFY,1424.38,299.0
2025-06-20 10:04:43.0,INFY,1329.01,121.0
2025-06-20 10:04:44.0,INFY,1368.35,853.0
2025-06-20 10:04:45.0,INFY,1450.32,165.0
2025-06-20 10:04:46.0,INFY,1417.73,908.0
2025-06-20 10:04:47.0,INFY,1462.02,413.0
2025-06-20 10:04:48.0,INFY,1405.93,162.0
2025-06-20 10:04:49.0,INFY,1470.23,400.0
2025-06-20 10:04:50.0,INFY,1444.52,615.0
2025-06-20 10:04:51.0,INFY,1450.1,770.0
2025-06-20 10:04:52.0,INFY,1422.94,217.0
2025-06-20 10:04:53.0,INFY,1393.48,677.0
2025-06-20 10:04:54.0,INFY,1428.91,399.0
2025-06-20 10:04:55.0,INFY,1484.63,504.0
2025-06-20 10:04:56.0,INFY,1313.77,901.0
2025-06-20 10:04:57.0,INFY,1349.61,268.0
2025-06-20 10:04:58.0,INFY,1387.01,662.0
2025-06-20 10:04:59.0,INFY,1395.2,326.0
2025-06-20 10:05:00.0,INFY,1304.42,558.0
2025-06-20 10:05:01.0,INFY,1329.38,220.0
2025-06-20 10:05:02.0,INFY,1488.83,961.0
2025-06-20 10:05:03.0,INFY,1310.55,549.0
2025-06-20 10:05:04.0,INFY,1342.57,956.0
2025-06-20 10:05:05.0,INFY,1301.88,532.0
2025-06-20 10:05:06.0,INFY,1394.13,978.0
2025-06-20 10:05:07.0,INFY,1484.59,331.0
2025-06-20 10:05:08.0,INFY,1365.2,203.0
2025-06-20 10:05:09.0,INFY,1496.51,993.0
2025-06-20 10:05:10.0,INFY,1442.07,857.0
2025-06-20 10:05:11.0,INFY,1331.64,151.0
2025-06-20 10:05:12.0,INFY,1475.69,239.0
2025-06-20 10:05:13.0,INFY,1449.27,920.0
2025-06-20 10:05:14.0,INFY,1329.04,203.0
2025-06-20 10:05:15.0,INFY,1474.97,631.0
2025-06-20 10:05:16.0,INFY,1437.36,945.0
2025-06-20 10:05:17.0,INFY,1424.53,739.0
2025-06-20 10:05:18.0,INFY,1380.94,880.0
2025-06-20 10:05:19.0,INFY,1392.49,994.0
2025-06-20 10:05:20.0,INFY,1480.13,499.0
2025-06-20 10:05:21.0,INFY,1448.17,945.0
2025-06-20 10:05:22.0,INFY,1308.99,499.0
2025-06-20 10:05:23.0,INFY,1488.32,896.0
2025-06-20 10:05:24.0,INFY,1313.05,968.0
2025-06-20 10:05:25.0,INFY,1330.4,846.0
2025-06-20 10:05:26.0,INFY,1426.1,774.0
2025-06-20 10:05:27.0,INFY,1404.3,412.0
2025-06-20 10:05:28.0,INFY,1430.73,548.0
2025-06-20 10:05:29.0,INFY,1354.63,971.0
2025-06-20 10:05:30.0,INFY,1314.28,969.0
2025-06-20 10:05:31.0,INFY,1345.99,396.0
2025-06-20 10:05:32.0,INFY,1368.0,179.0
2025-06-20 10:05:33.0,INFY,1329.71,822.0
2025-06-20 10:05:34.0,INFY,1336.08,944.0
2025-06-20 10:05:35.0,INFY,1419.65,455.0
2025-06-20 10:05:36.0,INFY,1416.95,355.0
2025-06-20 10:05:37.0,INFY,1400.13,554.0
2025-06-20 10:05:38.0,INFY,1381.91,727.0
2025-06-20 10:05:39.0,INFY,1349.29,911.0
2025-06-20 10:05:40.0,INFY,1336.17,730.0
2025-06-20 10:05:41.0,INFY,1426.24,868.0
2025-06-20 10:05:42.0,INFY,1435.33,599.0
2025-06-20 10:05:43.0,INFY,1447.64,703.0
2025-06-20 10:05:44.0,INFY,1320.21,364.0
2025-06-20 10:05:45.0,INFY,1489.57,972.0
2025-06-20 10:05:46.0,INFY,1391.98,794.0
2025-06-20 10:05:47.0,INFY,1385.65,101.0
2025-06-20 10:05:48.0,INFY,1347.98,914.0
2025-06-20 10:05:49.0,INFY,1392.55,636.0
2025-06-20 10:05:50.0,INFY,1350.18,228.0
2025-06-20 10:05:51.0,INFY,1422.55,306.0
2025-06-20 10:05:52.0,INFY,1467.55,663.0
2025-06-20 10:05:53.0,INFY,1322.71,659.0
2025-06-20 10:05:54.0,INFY,1319.65,527.0
2025-06-20 10:05:55.0,INFY,1326.91,149.0
2025-06-20 10:05:56.0,INFY,1464.4,619.0
2025-06-20 10:05:57.0,INFY,1454.38,839.0
2025-06-20 10:05:58.0,INFY,1362.61,198.0
2025-06-20 10:05:59.0,INFY,1367.48,311.0
2025-06-20 10:06:00.0,INFY,1380.87,132.0
2025-06-20 10:06:01.0,INFY,1337.03,932.0
2025-06-20 10:06:02.0,INFY,1414.84,797.0
2025-06-20 10:06:03.0,INFY,1442.32,477.0
2025-06-20 10:06:04.0,INFY,1484.29,803.0
2025-06-20 10:06:05.0,INFY,1314.92,358.0
2025-06-20 10:06:06.0,INFY,1327.77,400.0
2025-06-20 10:06:07.0,INFY,1479.18,102.0
2025-06-20 10:06:08.0,INFY,1302.93,261.0
2025-06-20 10:06:09.0,INFY,1437.18,762.0
2025-06-20 10:06:10.0,INFY,1485.75,745.0
2025-06-20 10:06:11.0,INFY,1316.22,795.0
2025-06-20 10:06:12.0,INFY,1480.3,254.0
2025-06-20 10:06:13.0,INFY,1365.04,503.0
2025-06-20 10:06:14.0,INFY,1398.06,744.0
2025-06-20 10:06:15.0,INFY,1304.19,480.0
2025-06-20 10:06:16.0,INFY,1302.35,645.0
2025-06-20 10:06:17.0,INFY,1391.54,543.0
2025-06-20 10:06:18.0,INFY,1315.14,476.0
2025-06-20 10:06:19.0,INFY,1387.67,334.0
2025-06-20 10:06:20.0,INFY,1327.73,208.0
2025-06-20 10:06:21.0,INFY,1303.84,741.0
2025-06-20 10:06:22.0,INFY,1416.46,261.0
2025-06-20 10:06:23.0,INFY,1434.53,809.0
2025-06-20 10:06:24.0,INFY,1432.24,927.0
2025-06-20 10:06:25.0,INFY,1486.48,236.0
2025-06-20 10:06:26.0,INFY,1471.83,303.0
2025-06-20 10:06:27.0,INFY,1399.53,507.0
2025-06-20 10:06:28.0,INFY,1308.76,418.0
2025-06-20 10:06:29.0,INFY,1463.02,219.0
2025-06-20 10:06:30.0,INFY,1426.64,603.0
2025-06-20 10:06:31.0,INFY,1429.86,925.0
2025-06-20 10:06:32.0,INFY,1482.88,903.0
2025-06-20 10:06:33.0,INFY,1467.24,218.0
2025-06-20 10:06:34.0,INFY,1387.67,291.0
2025-06-20 10:06:35.0,INFY,1388.29,679.0
2025-06-20 10:06:36.0,INFY,1306.47,503.0
2025-06-20 10:06:37.0,INFY,1316.85,965.0
2025-06-20 10:06:38.0,INFY,1396.71,350.0
2025-06-20 10:06:39.0,INFY,1350.19,516.0
2025-06-20 10:06:40.0,INFY,1338.8,225.0
2025-06-20 10:06:41.0,INFY,1406.43,813.0
2025-06-20 10:06:42.0,INFY,1389.34,675.0
2025-06-20 10:06:43.0,INFY,1376.3,568.0
2025-06-20 10:06:44.0,INFY,1312.36,604.0
2025-06-20 10:06:45.0,INFY,1301.4,187.0
2025-06-20 10:06:46.0,INFY,1393.54,471.0
2025-06-20 10:06:47.0,INFY,1403.02,749.0
2025-06-20 10:06:48.0,INFY,1330.78,239.0
2025-06-20 10:06:49.0,INFY,1428.33,764.0
2025-06-20 10:06:50.0,INFY,1491.02,558.0
2025-06-20 10:06:51.0,INFY,1374.31,165.0
2025-06-20 10:06:52.0,INFY,1359.84,545.0
2025-06-20 10:06:53.0,INFY,1310.2,951.0
2025-06-20 10:06:54.0,INFY,1432.33,674.0
2025-06-20 10:06:55.0,INFY,1319.48,524.0
2025-06-20 10:06:56.0,INFY,1485.55,602.0
2025-06-20 10:06:57.0,INFY,1385.99,381.0
2025-06-20 10:06:58.0,INFY,1344.64,522.0
2025-06-20 10:06:59.0,INFY,1496.9,632.0
2025-06-20 10:07:00.0,INFY,1361.87,605.0
2025-06-20 10:07:01.0,INFY,1337.17,437.0
2025-06-20 10:07:02.0,INFY,1316.3,756.0
2025-06-20 10:07:03.0,INFY,1300.83,346.0
2025-06-20 10:07:04.0,INFY,1482.03,171.0
2025-06-20 10:07:05.0,INFY,1407.23,853.0
2025-06-20 10:07:06.0,INFY,1373.71,993.0
2025-06-20 10:07:07.0,INFY,1437.94,520.0
2025-06-20 10:07:08.0,INFY,1346.86,566.0
2025-06-20 10:07:09.0,INFY,1458.69,585.0
2025-06-20 10:07:10.0,INFY,1355.65,118.0
2025-06-20 10:07:11.0,INFY,1466.95,975.0
2025-06-20 10:07:12.0,INFY,1352.71,784.0
2025-06-20 10:07:13.0,INFY,1381.91,234.0
2025-06-20 10:07:14.0,INFY,1362.95,172.0
2025-06-20 10:07:15.0,INFY,1336.96,448.0
2025-06-20 10:07:16.0,INFY,1493.13,128.0
2025-06-20 10:07:17.0,INFY,1353.83,472.0
2025-06-20 10:07:18.0,INFY,1398.51,610.0
2025-06-20 10:07:19.0,INFY,1393.36,281.0
2025-06-20 10:07:20.0,INFY,1326.02,986.0
2025-06-20 10:07:21.0,INFY,1423.73,462.0
2025-06-20 10:07:22.0,INFY,1324.19,721.0
2025-06-20 10:07:23.0,INFY,1447.82,550.0
2025-06-20 10:07:24.0,INFY,1495.87,335.0
2025-06-20 10:07:25.0,INFY,1378.67,762.0
2025-06-20 10:07:26.0,INFY,1458.0,168.0
2025-06-20 10:07:27.0,INFY,1403.32,988.0
2025-06-20 10:07:28.0,INFY,1304.63,857.0
2025-06-20 10:07:29.0,INFY,1480.5,628.0
2025-06-20 10:07:30.0,INFY,1428.44,580.0
2025-06-20 10:07:31.0,INFY,1448.66,787.0
2025-06-20 10:07:32.0,INFY,1449.33,862.0
2025-06-20 10:07:33.0,INFY,1374.86,338.0
2025-06-20 10:07:34.0,INFY,1427.99,803.0
2025-06-20 10:07:35.0,INFY,1300.22,692.0
2025-06-20 10:07:36.0,INFY,1434.83,509.0
2025-06-20 10:07:37.0,INFY,1355.9,569.0
2025-06-20 10:07:38.0,INFY,1417.64,584.0
2025-06-20 10:07:39.0,INFY,1381.66,110.0
2025-06-20 10:07:40.0,INFY,1364.06,327.0
2025-06-20 10:07:41.0,INFY,1387.5,285.0
2025-06-20 10:07:42.0,INFY,1463.49,294.0
2025-06-20 10:07:43.0,INFY,1310.56,848.0
2025-06-20 10:07:44.0,INFY,1314.66,264.0
2025-06-20 10:07:45.0,INFY,1343.43,212.0
2025-06-20 10:07:46.0,INFY,1428.58,162.0
2025-06-20 10:07:47.0,INFY,1314.12,960.0
2025-06-20 10:07:48.0,INFY,1433.63,333.0
2025-06-20 10:07:49.0,INFY,1372.18,171.0
2025-06-20 10:07:50.0,INFY,1352.53,305.0
2025-06-20 10:07:51.0,INFY,1377.19,166.0
2025-06-20 10:07:52.0,INFY,1344.7,821.0
2025-06-20 10:07:53.0,INFY,1338.5,713.0
2025-06-20 10:07:54.0,INFY,1309.15,158.0
2025-06-20 10:07:55.0,INFY,1378.27,308.0
2025-06-20 10:07:56.0,INFY,1301.95,242.0
2025-06-20 10:07:57.0,INFY,1480.13,439.0
2025-06-20 10:07:58.0,INFY,1330.5,183.0
2025-06-20 10:07:59.0,INFY,1349.78,382.0
2025-06-20 10:08:00.0,INFY,1476.55,741.0
2025-06-20 10:08:01.0,INFY,1300.84,735.0
2025-06-20 10:08:02.0,INFY,1383.71,438.0
2025-06-20 10:08:03.0,INFY,1346.55,902.0
2025-06-20 10:08:04.0,INFY,1493.14,318.0
2025-06-20 10:08:05.0,INFY,1463.93,751.0
2025-06-20 10:08:06.0,INFY,1392.28,590.0
2025-06-20 10:08:07.0,INFY,1493.58,500.0
2025-06-20 10:08:08.0,INFY,1497.77,722.0
2025-06-20 10:08:09.0,INFY,1437.97,128.0
2025-06-20 10:08:10.0,INFY,1453.77,426.0
2025-06-20 10:08:11.0,INFY,1396.66,838.0
2025-06-20 10:08:12.0,INFY,1437.34,977.0
2025-06-20 10:08:13.0,INFY,1445.75,473.0
2025-06-20 10:08:14.0,INFY,1345.35,160.0
2025-06-20 10:08:15.0,INFY,1374.24,152.0
2025-06-20 10:08:16.0,INFY,1397.07,395.0
2025-06-20 10:08:17.0,INFY,1357.18,532.0
2025-06-20 10:08:18.0,INFY,1428.13,533.0
2025-06-20 10:08:19.0,INFY,1364.45,200.0
2025-06-20 10:08:20.0,INFY,1484.83,169.0
2025-06-20 10:08:21.0,INFY,1424.06,202.0
2025-06-20 10:08:22.0,INFY,1415.08,160.0
2025-06-20 10:08:23.0,INFY,1383.36,618.0
2025-06-20 10:08:24.0,INFY,1317.33,504.0
2025-06-20 10:08:25.0,INFY,1479.24,312.0
2025-06-20 10:08:26.0,INFY,1378.01,807.0
2025-06-20 10:08:27.0,INFY,1333.02,124.0
2025-06-20 10:08:28.0,INFY,1302.65,364.0
2025-06-20 10:08:29.0,INFY,1499.37,996.0
2025-06-20 10:08:30.0,INFY,1446.56,148.0
2025-06-20 10:08:31.0,INFY,1477.14,896.0
2025-06-20 10:08:32.0,INFY,1362.88,272.0
2025-06-20 10:08:33.0,INFY,1358.19,561.0
2025-06-20 10:08:34.0,INFY,1388.96,989.0
2025-06-20 10:08:35.0,INFY,1320.43,981.0
2025-06-20 10:08:36.0,INFY,1300.25,487.0
2025-06-20 10:08:37.0,INFY,1494.32,916.0
2025-06-20 10:08:38.0,INFY,1331.51,365.0
2025-06-20 10:08:39.0,INFY,1309.57,102.0
2025-06-20 10:08:40.0,INFY,1433.37,415.0
2025-06-20 10:08:41.0,INFY,1424.89,364.0
2025-06-20 10:08:42.0,INFY,1318.89,596.0
2025-06-20 10:08:43.0,INFY,1447.52,978.0
2025-06-20 10:08:44.0,INFY,1386.82,142.0
2025-06-20 10:08:45.0,INFY,1405.01,192.0
2025-06-20 10:08:46.0,INFY,1493.25,468.0
2025-06-20 10:08:47.0,INFY,1320.16,417.0
2025-06-20 10:08:48.0,INFY,1392.88,128.0
2025-06-20 10:08:49.0,INFY,1489.68,541.0
2025-06-20 10:08:50.0,INFY,1383.59,682.0
2025-06-20 10:08:51.0,INFY,1306.81,562.0
2025-06-20 10:08:52.0,INFY,1482.83,524.0
2025-06-20 10:08:53.0,INFY,1489.5,780.0
2025-06-20 10:08:54.0,INFY,1423.47,695.0
2025-06-20 10:08:55.0,INFY,1309.91,214.0
2025-06-20 10:08:56.0,INFY,1349.8,544.0
2025-06-20 10:08:57.0,INFY,1327.4,617.0
2025-06-20 10:08:58.0,INFY,1456.41,435.0
2025-06-20 10:08:59.0,INFY,1307.96,903.0
2025-06-20 10:09:00.0,INFY,1330.37,666.0
2025-06-20 10:09:01.0,INFY,1318.22,327.0
2025-06-20 10:09:02.0,INFY,1398.27,481.0
2025-06-20 10:09:03.0,INFY,1431.22,936.0
2025-06-20 10:09:04.0,INFY,1460.25,724.0
2025-06-20 10:09:05.0,INFY,1416.45,311.0
2025-06-20 10:09:06.0,INFY,1490.03,494.0
2025-06-20 10:09:07.0,INFY,1426.48,859.0
2025-06-20 10:09:08.0,INFY,1433.85,745.0
2025-06-20 10:09:09.0,INFY,1444.33,178.0
2025-06-20 10:09:10.0,INFY,1311.03,316.0
2025-06-20 10:09:11.0,INFY,1340.19,258.0
2025-06-20 10:09:12.0,INFY,1407.43,579.0
2025-06-20 10:09:13.0,INFY,1400.88,355.0
2025-06-20 10:09:14.0,INFY,1398.36,915.0
2025-06-20 10:09:15.0,INFY,1319.71,255.0
2025-06-20 10:09:16.0,INFY,1401.11,371.0
2025-06-20 10:09:17.0,INFY,1438.51,610.0
2025-06-20 10:09:18.0,INFY,1345.78,402.0
2025-06-20 10:09:19.0,INFY,1355.69,259.0
2025-06-20 10:09:20.0,INFY,1431.76,193.0
2025-06-20 10:09:21.0,INFY,1341.45,705.0
2025-06-20 10:09:22.0,INFY,1454.87,203.0
2025-06-20 10:09:23.0,INFY,1375.71,240.0
2025-06-20 10:09:24.0,INFY,1459.4,412.0
2025-06-20 10:09:25.0,INFY,1381.57,805.0
2025-06-20 10:09:26.0,INFY,1469.92,731.0
2025-06-20 10:09:27.0,INFY,1408.37,883.0
2025-06-20 10:09:28.0,INFY,1446.29,172.0
2025-06-20 10:09:29.0,INFY,1436.68,929.0
2025-06-20 10:09:30.0,INFY,1320.45,844.0
2025-06-20 10:09:31.0,INFY,1324.05,787.0
2025-06-20 10:09:32.0,INFY,1463.15,280.0
2025-06-20 10:09:33.0,INFY,1370.94,990.0
2025-06-20 10:09:34.0,INFY,1351.58,489.0
2025-06-20 10:09:35.0,INFY,1438.74,896.0
2025-06-20 10:09:36.0,INFY,1406.2,953.0
2025-06-20 10:09:37.0,INFY,1329.1,228.0
2025-06-20 10:09:38.0,INFY,1320.68,658.0
2025-06-20 10:09:39.0,INFY,1366.51,832.0
2025-06-20 10:09:40.0,INFY,1315.6,144.0
2025-06-20 10:09:41.0,INFY,1447.19,946.0
2025-06-20 10:09:42.0,INFY,1484.55,334.0
2025-06-20 10:09:43.0,INFY,1374.9,302.0
2025-06-20 10:09:44.0,INFY,1361.94,499.0
2025-06-20 10:09:45.0,INFY,1447.14,290.0
2025-06-20 10:09:46.0,INFY,1302.76,604.0
2025-06-20 10:09:47.0,INFY,1389.44,469.0
2025-06-20 10:09:48.0,INFY,1435.15,825.0
2025-06-20 10:09:49.0,INFY,1377.07,590.0
2025-06-20 10:09:50.0,INFY,1414.06,415.0
2025-06-20 10:09:51.0,INFY,1363.42,799.0
2025-06-20 10:09:52.0,INFY,1456.9,512.0
2025-06-20 10:09:53.0,INFY,1380.14,318.0
2025-06-20 10:09:54.0,INFY,1461.82,185.0
2025-06-20 10:09:55.0,INFY,1353.44,798.0
2025-06-20 10:09:56.0,INFY,1443.44,778.0
2025-06-20 10:09:57.0,INFY,1390.65,437.0
2025-06-20 10:09:58.0,INFY,1357.11,716.0
2025-06-20 10:09:59.0,INFY,1491.75,808.0
2025-06-20 10:10:00.0,INFY,1328.7,974.0
2025-06-20 10:10:01.0,INFY,1324.27,514.0
2025-06-20 10:10:02.0,INFY,1411.45,968.0
2025-06-20 10:10:03.0,INFY,1356.31,451.0
2025-06-20 10:10:04.0,INFY,1369.29,877.0
2025-06-20 10:10:05.0,INFY,1387.17,991.0
2025-06-20 10:10:06.0,INFY,1381.08,985.0
2025-06-20 10:10:07.0,INFY,1464.01,163.0
2025-06-20 10:10:08.0,INFY,1397.38,270.0
2025-06-20 10:10:09.0,INFY,1325.74,189.0
2025-06-20 10:10:10.0,INFY,1324.33,966.0
2025-06-20 10:10:11.0,INFY,1383.95,453.0
2025-06-20 10:10:12.0,INFY,1451.74,185.0
2025-06-20 10:10:13.0,INFY,1385.79,953.0
2025-06-20 10:10:14.0,INFY,1389.22,278.0
2025-06-20 10:10:15.0,INFY,1471.83,844.0
2025-06-20 10:10:16.0,INFY,1360.18,140.0
2025-06-20 10:10:17.0,INFY,1477.91,415.0
2025-06-20 10:10:18.0,INFY,1361.84,153.0
2025-06-20 10:10:19.0,INFY,1311.04,708.0
2025-06-20 10:10:20.0,INFY,1309.78,671.0
2025-06-20 10:10:21.0,INFY,1417.98,507.0
2025-06-20 10:10:22.0,INFY,1432.21,933.0
2025-06-20 10:10:23.0,INFY,1418.8,228.0
2025-06-20 10:10:24.0,INFY,1369.52,105.0
2025-06-20 10:10:25.0,INFY,1436.23,591.0
2025-06-20 10:10:26.0,INFY,1441.86,935.0
2025-06-20 10:10:27.0,INFY,1431.88,362.0
2025-06-20 10:10:28.0,INFY,1396.01,229.0
2025-06-20 10:10:29.0,INFY,1436.4,797.0
2025-06-20 10:10:30.0,INFY,1394.79,250.0
2025-06-20 10:10:31.0,INFY,1313.77,724.0
2025-06-20 10:10:32.0,INFY,1465.53,255.0
2025-06-20 10:10:33.0,INFY,1491.74,815.0
2025-06-20 10:10:34.0,INFY,1384.9,297.0
2025-06-20 10:10:35.0,INFY,1352.86,602.0
2025-06-20 10:10:36.0,INFY,1463.47,476.0
2025-06-20 10:10:37.0,INFY,1377.03,752.0
2025-06-20 10:10:38.0,INFY,1398.74,143.0
2025-06-20 10:10:39.0,INFY,1475.04,454.0
2025-06-20 10:10:40.0,INFY,1343.28,481.0
2025-06-20 10:10:41.0,INFY,1473.3,634.0
2025-06-20 10:10:42.0,INFY,1342.37,262.0
2025-06-20 10:10:43.0,INFY,1418.31,710.0
2025-06-20 10:10:44.0,INFY,1467.13,523.0
2025-06-20 10:10:45.0,INFY,1327.01,281.0
2025-06-20 10:10:46.0,INFY,1431.69,978.0
2025-06-20 10:10:47.0,INFY,1469.23,615.0
2025-06-20 10:10:48.0,INFY,1456.14,365.0
2025-06-20 10:10:49.0,INFY,1409.33,500.0
2025-06-20 10:10:50.0,INFY,1321.6,826.0
2025-06-20 10:10:51.0,INFY,1476.63,728.0
2025-06-20 10:10:52.0,INFY,1450.54,747.0
2025-06-20 10:10:53.0,INFY,1435.87,184.0
2025-06-20 10:10:54.0,INFY,1364.72,446.0
2025-06-20 10:10:55.0,INFY,1395.34,653.0
2025-06-20 10:10:56.0,INFY,1409.46,229.0
2025-06-20 10:10:57.0,INFY,1334.72,134.0
2025-06-20 10:10:58.0,INFY,1408.14,652.0
2025-06-20 10:10:59.0,INFY,1314.18,618.0
2025-06-20 10:11:00.0,INFY,1482.41,544.0
2025-06-20 10:11:01.0,INFY,1372.01,489.0
2025-06-20 10:11:02.0,INFY,1360.58,832.0
2025-06-20 10:11:03.0,INFY,1417.71,494.0
2025-06-20 10:11:04.0,INFY,1427.76,637.0
2025-06-20 10:11:05.0,INFY,1394.1,119.0
2025-06-20 10:11:06.0,INFY,1425.68,349.0
2025-06-20 10:11:07.0,INFY,1359.55,385.0
2025-06-20 10:11:08.0,INFY,1324.84,335.0
2025-06-20 10:11:09.0,INFY,1379.79,197.0
2025-06-20 10:11:10.0,INFY,1353.15,959.0
2025-06-20 10:11:11.0,INFY,1395.7,112.0
2025-06-20 10:11:12.0,INFY,1437.55,148.0
2025-06-20 10:11:13.0,INFY,1489.37,832.0
2025-06-20 10:11:14.0,INFY,1386.75,912.0
2025-06-20 10:11:15.0,INFY,1375.96,157.0
2025-06-20 10:11:16.0,INFY,1302.02,596.0
2025-06-20 10:11:17.0,INFY,1494.58,159.0
2025-06-20 10:11:18.0,INFY,1491.69,849.0
2025-06-20 10:11:19.0,INFY,1437.81,873.0
2025-06-20 10:11:20.0,INFY,1315.44,755.0
2025-06-20 10:11:21.0,INFY,1317.16,699.0
2025-06-20 10:11:22.0,INFY,1392.92,435.0
2025-06-20 10:11:23.0,INFY,1404.72,689.0
2025-06-20 10:11:24.0,INFY,1481.29,444.0
2025-06-20 10:11:25.0,INFY,1393.82,103.0
2025-06-20 10:11:26.0,INFY,1379.98,159.0
2025-06-20 10:11:27.0,INFY,1369.15,485.0
2025-06-20 10:11:28.0,INFY,1492.68,954.0
2025-06-20 10:11:29.0,INFY,1419.98,750.0
2025-06-20 10:11:30.0,INFY,1323.31,286.0
2025-06-20 10:11:31.0,INFY,1307.93,671.0
2025-06-20 10:11:32.0,INFY,1307.53,231.0
2025-06-20 10:11:33.0,INFY,1472.1,471.0
2025-06-20 10:11:34.0,INFY,1462.79,804.0
2025-06-20 10:11:35.0,INFY,1382.94,980.0
2025-06-20 10:11:36.0,INFY,1398.85,463.0
2025-06-20 10:11:37.0,INFY,1444.43,241.0
2025-06-20 10:11:38.0,INFY,1307.44,642.0
2025-06-20 10:11:39.0,INFY,1467.96,699.0
2025-06-20 10:11:40.0,INFY,1321.8,131.0
2025-06-20 10:11:41.0,INFY,1363.96,766.0
2025-06-20 10:11:42.0,INFY,1317.61,648.0
2025-06-20 10:11:43.0,INFY,1496.93,593.0
2025-06-20 10:11:44.0,INFY,1418.75,241.0
2025-06-20 10:11:45.0,INFY,1422.74,490.0
2025-06-20 10:11:46.0,INFY,1422.75,998.0
2025-06-20 10:11:47.0,INFY,1305.74,373.0
2025-06-20 10:11:48.0,INFY,1451.49,561.0
2025-06-20 10:11:49.0,INFY,1416.94,849.0
2025-06-20 10:11:50.0,INFY,1341.91,145.0
2025-06-20 10:11:51.0,INFY,1350.45,755.0
2025-06-20 10:11:52.0,INFY,1309.69,635.0
2025-06-20 10:11:53.0,INFY,1364.65,705.0
2025-06-20 10:11:54.0,INFY,1373.9,105.0
2025-06-20 10:11:55.0,INFY,1477.27,971.0
2025-06-20 10:11:56.0,INFY,1497.97,900.0
2025-06-20 10:11:57.0,INFY,1425.18,592.0
2025-06-20 10:11:58.0,INFY,1391.74,572.0
2025-06-20 10:11:59.0,INFY,1411.02,709.0
2025-06-20 10:12:00.0,INFY,1342.98,212.0
2025-06-20 10:12:01.0,INFY,1479.42,796.0
2025-06-20 10:12:02.0,INFY,1445.33,842.0
2025-06-20 10:12:03.0,INFY,1458.27,756.0
2025-06-20 10:12:04.0,INFY,1356.84,160.0
2025-06-20 10:12:05.0,INFY,1494.28,817.0
2025-06-20 10:12:06.0,INFY,1341.54,508.0
2025-06-20 10:12:07.0,INFY,1399.9,421.0
2025-06-20 10:12:08.0,INFY,1406.11,790.0
2025-06-20 10:12:09.0,INFY,1330.32,672.0
2025-06-20 10:12:10.0,INFY,1423.61,154.0
2025-06-20 10:12:11.0,INFY,1378.47,605.0
2025-06-20 10:12:12.0,INFY,1402.24,873.0
2025-06-20 10:12:13.0,INFY,1386.93,189.0
2025-06-20 10:12:14.0,INFY,1365.77,139.0
2025-06-20 10:12:15.0,INFY,1446.11,688.0
2025-06-20 10:12:16.0,INFY,1416.25,966.0
2025-06-20 10:12:17.0,INFY,1468.19,751.0
2025-06-20 10:12:18.0,INFY,1454.91,427.0
2025-06-20 10:12:19.0,INFY,1384.2,312.0
2025-06-20 10:12:20.0,INFY,1396.07,627.0
2025-06-20 10:12:21.0,INFY,1461.16,165.0
2025-06-20 10:12:22.0,INFY,1315.55,545.0
2025-06-20 10:12:23.0,INFY,1320.02,613.0
2025-06-20 10:12:24.0,INFY,1399.76,508.0
2025-06-20 10:12:25.0,INFY,1389.04,706.0
2025-06-20 10:12:26.0,INFY,1420.17,205.0
2025-06-20 10:12:27.0,INFY,1369.92,706.0
2025-06-20 10:12:28.0,INFY,1433.78,223.0
2025-06-20 10:12:29.0,INFY,1491.03,795.0
2025-06-20 10:12:30.0,INFY,1474.48,633.0
2025-06-20 10:12:31.0,INFY,1338.33,242.0
2025-06-20 10:12:32.0,INFY,1348.05,580.0
2025-06-20 10:12:33.0,INFY,1458.56,883.0
2025-06-20 10:12:34.0,INFY,1438.89,339.0
2025-06-20 10:12:35.0,INFY,1346.61,276.0
2025-06-20 10:12:36.0,INFY,1446.36,732.0
2025-06-20 10:12:37.0,INFY,1411.98,139.0
2025-06-20 10:12:38.0,INFY,1412.57,690.0
2025-06-20 10:12:39.0,INFY,1485.43,586.0
2025-06-20 10:12:40.0,INFY,1342.24,874.0
2025-06-20 10:12:41.0,INFY,1459.82,188.0
2025-06-20 10:12:42.0,INFY,1303.05,112.0
2025-06-20 10:12:43.0,INFY,1437.36,927.0
2025-06-20 10:12:44.0,INFY,1405.15,689.0
2025-06-20 10:12:45.0,INFY,1431.58,535.0
2025-06-20 10:12:46.0,INFY,1336.7,753.0
2025-06-20 10:12:47.0,INFY,1459.01,670.0
2025-06-20 10:12:48.0,INFY,1443.25,724.0
2025-06-20 10:12:49.0,INFY,1420.18,185.0
2025-06-20 10:12:50.0,INFY,1302.88,761.0
2025-06-20 10:12:51.0,INFY,1310.39,959.0
2025-06-20 10:12:52.0,INFY,1363.51,826.0
2025-06-20 10:12:53.0,INFY,1468.73,694.0
2025-06-20 10:12:54.0,INFY,1491.11,509.0
2025-06-20 10:12:55.0,INFY,1424.91,699.0
2025-06-20 10:12:56.0,INFY,1496.62,131.0
2025-06-20 10:12:57.0,INFY,1361.19,796.0
2025-06-20 10:12:58.0,INFY,1482.47,886.0
2025-06-20 10:12:59.0,INFY,1468.31,695.0
2025-06-20 10:13:00.0,INFY,1390.03,823.0
2025-06-20 10:13:01.0,INFY,1494.12,233.0
2025-06-20 10:13:02.0,INFY,1379.17,832.0
2025-06-20 10:13:03.0,INFY,1493.6,497.0
2025-06-20 10:13:04.0,INFY,1473.29,917.0
2025-06-20 10:13:05.0,INFY,1326.87,149.0
2025-06-20 10:13:06.0,INFY,1423.47,901.0
2025-06-20 10:13:07.0,INFY,1330.77,685.0
2025-06-20 10:13:08.0,INFY,1388.63,506.0
2025-06-20 10:13:09.0,INFY,1404.74,815.0
2025-06-20 10:13:10.0,INFY,1464.76,943.0
2025-06-20 10:13:11.0,INFY,1462.64,148.0
2025-06-20 10:13:12.0,INFY,1440.84,648.0
2025-06-20 10:13:13.0,INFY,1390.22,129.0
2025-06-20 10:13:14.0,INFY,1314.31,751.0
2025-06-20 10:13:15.0,INFY,1302.99,845.0
2025-06-20 10:13:16.0,INFY,1448.05,850.0
2025-06-20 10:13:17.0,INFY,1363.79,974.0
2025-06-20 10:13:18.0,INFY,1401.16,999.0
2025-06-20 10:13:19.0,INFY,1451.21,918.0
2025-06-20 10:13:20.0,INFY,1471.84,773.0
2025-06-20 10:13:21.0,INFY,1324.56,568.0
2025-06-20 10:13:22.0,INFY,1486.12,597.0
2025-06-20 10:13:23.0,INFY,1366.54,221.0
2025-06-20 10:13:24.0,INFY,1408.05,585.0
2025-06-20 10:13:25.0,INFY,1418.16,312.0
2025-06-20 10:13:26.0,INFY,1460.82,116.0
2025-06-20 10:13:27.0,INFY,1300.82,474.0
2025-06-20 10:13:28.0,INFY,1449.05,601.0
2025-06-20 10:13:29.0,INFY,1388.98,687.0
2025-06-20 10:13:30.0,INFY,1412.95,124.0
2025-06-20 10:13:31.0,INFY,1430.29,416.0
2025-06-20 10:13:32.0,INFY,1333.43,805.0
2025-06-20 10:13:33.0,INFY,1474.82,703.0
2025-06-20 10:13:34.0,INFY,1317.43,256.0
2025-06-20 10:13:35.0,INFY,1469.45,640.0
2025-06-20 10:13:36.0,INFY,1372.53,201.0
2025-06-20 10:13:37.0,INFY,1430.43,941.0
2025-06-20 10:13:38.0,INFY,1464.77,650.0
2025-06-20 10:13:39.0,INFY,1352.63,933.0
2025-06-20 10:13:40.0,INFY,1369.56,381.0
2025-06-20 10:13:41.0,INFY,1445.79,989.0
2025-06-20 10:13:42.0,INFY,1475.44,540.0
2025-06-20 10:13:43.0,INFY,1423.07,476.0
2025-06-20 10:13:44.0,INFY,1396.83,299.0
2025-06-20 10:13:45.0,INFY,1497.67,495.0
2025-06-20 10:13:46.0,INFY,1372.42,859.0
2025-06-20 10:13:47.0,INFY,1498.37,660.0
2025-06-20 10:13:48.0,INFY,1409.02,902.0
2025-06-20 10:13:49.0,INFY,1314.94,912.0
2025-06-20 10:13:50.0,INFY,1434.99,287.0
2025-06-20 10:13:51.0,INFY,1465.46,850.0
2025-06-20 10:13:52.0,INFY,1493.26,770.0
2025-06-20 10:13:53.0,INFY,1483.81,557.0
2025-06-20 10:13:54.0,INFY,1435.28,898.0
2025-06-20 10:13:55.0,INFY,1331.06,397.0
2025-06-20 10:13:56.0,INFY,1470.61,613.0
2025-06-20 10:13:57.0,INFY,1470.64,302.0
2025-06-20 10:13:58.0,INFY,1464.02,156.0
2025-06-20 10:13:59.0,INFY,1353.24,359.0
2025-06-20 10:14:00.0,INFY,1315.96,625.0
2025-06-20 10:14:01.0,INFY,1389.03,420.0
2025-06-20 10:14:02.0,INFY,1349.81,980.0
2025-06-20 10:14:03.0,INFY,1495.36,828.0
2025-06-20 10:14:04.0,INFY,1417.12,268.0
2025-06-20 10:14:05.0,INFY,1355.06,303.0
2025-06-20 10:14:06.0,INFY,1379.52,738.0
2025-06-20 10:14:07.0,INFY,1458.15,256.0
2025-06-20 10:14:08.0,INFY,1311.25,451.0
2025-06-20 10:14:09.0,INFY,1400.7,427.0
2025-06-20 10:14:10.0,INFY,1466.43,633.0
2025-06-20 10:14:11.0,INFY,1381.74,229.0
2025-06-20 10:14:12.0,INFY,1426.79,479.0
2025-06-20 10:14:13.0,INFY,1415.59,100.0
2025-06-20 10:14:14.0,INFY,1467.78,389.0
2025-06-20 10:14:15.0,INFY,1360.16,999.0
2025-06-20 10:14:16.0,INFY,1300.42,992.0
2025-06-20 10:14:17.0,INFY,1443.98,995.0
2025-06-20 10:14:18.0,INFY,1429.58,249.0
2025-06-20 10:14:19.0,INFY,1432.8,807.0
2025-06-20 10:14:20.0,INFY,1353.99,434.0
2025-06-20 10:14:21.0,INFY,1423.6,891.0
2025-06-20 10:14:22.0,INFY,1418.71,945.0
2025-06-20 10:14:23.0,INFY,1478.42,345.0
2025-06-20 10:14:24.0,INFY,1411.49,771.0
2025-06-20 10:14:25.0,INFY,1301.32,941.0
2025-06-20 10:14:26.0,INFY,1460.32,455.0
2025-06-20 10:14:27.0,INFY,1433.0,420.0
2025-06-20 10:14:28.0,INFY,1486.54,215.0
2025-06-20 10:14:29.0,INFY,1411.67,626.0
2025-06-20 10:14:30.0,INFY,1355.05,951.0
2025-06-20 10:14:31.0,INFY,1433.36,937.0
2025-06-20 10:14:32.0,INFY,1432.55,318.0
2025-06-20 10:14:33.0,INFY,1313.53,122.0
2025-06-20 10:14:34.0,INFY,1423.74,945.0
2025-06-20 10:14:35.0,INFY,1486.6,495.0
2025-06-20 10:14:36.0,INFY,1413.57,365.0
2025-06-20 10:14:37.0,INFY,1443.22,865.0
2025-06-20 10:14:38.0,INFY,1481.5,238.0
2025-06-20 10:14:39.0,INFY,1305.8,722.0
2025-06-20 10:14:40.0,INFY,1415.28,932.0
2025-06-20 10:14:41.0,INFY,1439.71,834.0
2025-06-20 10:14:42.0,INFY,1490.84,836.0
2025-06-20 10:14:43.0,INFY,1302.42,155.0
2025-06-20 10:14:44.0,INFY,1475.82,382.0
2025-06-20 10:14:45.0,INFY,1302.33,690.0
2025-06-20 10:14:46.0,INFY,1360.64,719.0
2025-06-20 10:14:47.0,INFY,1416.24,847.0
2025-06-20 10:14:48.0,INFY,1391.36,399.0
2025-06-20 10:14:49.0,INFY,1493.28,541.0
2025-06-20 10:14:50.0,INFY,1335.69,654.0
2025-06-20 10:14:51.0,INFY,1416.99,350.0
2025-06-20 10:14:52.0,INFY,1499.46,980.0
2025-06-20 10:14:53.0,INFY,1483.44,812.0
2025-06-20 10:14:54.0,INFY,1479.84,205.0
2025-06-20 10:14:55.0,INFY,1375.85,564.0
2025-06-20 10:14:56.0,INFY,1495.66,964.0
2025-06-20 10:14:57.0,INFY,1301.52,922.0
2025-06-20 10:14:58.0,INFY,1459.79,930.0
2025-06-20 10:14:59.0,INFY,1431.51,386.0
2025-06-20 10:15:00.0,INFY,1380.74,838.0
2025-06-20 10:15:01.0,INFY,1472.73,193.0
2025-06-20 10:15:02.0,INFY,1438.01,385.0
2025-06-20 10:15:03.0,INFY,1404.92,634.0
2025-06-20 10:15:04.0,INFY,1380.45,658.0
2025-06-20 10:15:05.0,INFY,1333.2,475.0
2025-06-20 10:15:06.0,INFY,1473.1,785.0
2025-06-20 10:15:07.0,INFY,1443.81,800.0
2025-06-20 10:15:08.0,INFY,1439.8,493.0
2025-06-20 10:15:09.0,INFY,1437.5,800.0
2025-06-20 10:15:10.0,INFY,1460.96,251.0
2025-06-20 10:15:11.0,INFY,1352.57,894.0
2025-06-20 10:15:12.0,INFY,1356.8,305.0
2025-06-20 10:15:13.0,INFY,1468.34,967.0
2025-06-20 10:15:14.0,INFY,1365.64,303.0
2025-06-20 10:15:15.0,INFY,1440.64,306.0
2025-06-20 10:15:16.0,INFY,1410.92,597.0
2025-06-20 10:15:17.0,INFY,1422.34,252.0
2025-06-20 10:15:18.0,INFY,1401.73,958.0
2025-06-20 10:15:19.0,INFY,1373.73,577.0
2025-06-20 10:15:20.0,INFY,1378.73,623.0
2025-06-20 10:15:21.0,INFY,1319.77,885.0
2025-06-20 10:15:22.0,INFY,1470.63,880.0
2025-06-20 10:15:23.0,INFY,1367.2,270.0
2025-06-20 10:15:24.0,INFY,1314.8,718.0
2025-06-20 10:15:25.0,INFY,1349.13,397.0
2025-06-20 10:15:26.0,INFY,1345.71,351.0
2025-06-20 10:15:27.0,INFY,1426.8,311.0
2025-06-20 10:15:28.0,INFY,1475.65,478.0
2025-06-20 10:15:29.0,INFY,1453.47,413.0
2025-06-20 10:15:30.0,INFY,1455.78,162.0
2025-06-20 10:15:31.0,INFY,1473.07,984.0
2025-06-20 10:15:32.0,INFY,1372.09,521.0
2025-06-20 10:15:33.0,INFY,1496.68,361.0
2025-06-20 10:15:34.0,INFY,1465.37,897.0
2025-06-20 10:15:35.0,INFY,1357.29,437.0
2025-06-20 10:15:36.0,INFY,1412.31,819.0
2025-06-20 10:15:37.0,INFY,1343.56,722.0
2025-06-20 10:15:38.0,INFY,1310.88,190.0
2025-06-20 10:15:39.0,INFY,1472.08,889.0
2025-06-20 10:15:40.0,INFY,1451.86,925.0
2025-06-20 10:15:41.0,INFY,1477.36,779.0
2025-06-20 10:15:42.0,INFY,1309.99,121.0
2025-06-20 10:15:43.0,INFY,1461.74,754.0
2025-06-20 10:15:44.0,INFY,1450.92,632.0
2025-06-20 10:15:45.0,INFY,1422.5,106.0
2025-06-20 10:15:46.0,INFY,1359.02,202.0
2025-06-20 10:15:47.0,INFY,1374.93,316.0
2025-06-20 10:15:48.0,INFY,1352.39,706.0
2025-06-20 10:15:49.0,INFY,1477.05,412.0
2025-06-20 10:15:50.0,INFY,1355.6,510.0
2025-06-20 10:15:51.0,INFY,1336.87,478.0
2025-06-20 10:15:52.0,INFY,1376.18,803.0
2025-06-20 10:15:53.0,INFY,1349.4,865.0
2025-06-20 10:15:54.0,INFY,1385.74,893.0
2025-06-20 10:15:55.0,INFY,1306.81,436.0
2025-06-20 10:15:56.0,INFY,1431.25,907.0
2025-06-20 10:15:57.0,INFY,1410.64,480.0
2025-06-20 10:15:58.0,INFY,1418.49,908.0
2025-06-20 10:15:59.0,INFY,1461.42,749.0
2025-06-20 10:16:00.0,INFY,1488.01,714.0
2025-06-20 10:16:01.0,INFY,1311.62,382.0
2025-06-20 10:16:02.0,INFY,1359.17,461.0
2025-06-20 10:16:03.0,INFY,1386.53,467.0
2025-06-20 10:16:04.0,INFY,1430.67,515.0
2025-06-20 10:16:05.0,INFY,1405.59,626.0
2025-06-20 10:16:06.0,INFY,1467.1,805.0
2025-06-20 10:16:07.0,INFY,1487.22,441.0
2025-06-20 10:16:08.0,INFY,1476.34,797.0
2025-06-20 10:16:09.0,INFY,1408.84,937.0
2025-06-20 10:16:10.0,INFY,1329.62,762.0
2025-06-20 10:16:11.0,INFY,1407.09,674.0
2025-06-20 10:16:12.0,INFY,1341.47,477.0
2025-06-20 10:16:13.0,INFY,1340.25,449.0
2025-06-20 10:16:14.0,INFY,1425.12,818.0
2025-06-20 10:16:15.0,INFY,1379.03,439.0
2025-06-20 10:16:16.0,INFY,1382.96,280.0
2025-06-20 10:16:17.0,INFY,1410.54,523.0
2025-06-20 10:16:18.0,INFY,1408.5,571.0
2025-06-20 10:16:19.0,INFY,1414.76,405.0
2025-06-20 10:16:20.0,INFY,1404.89,968.0
2025-06-20 10:16:21.0,INFY,1368.57,583.0
2025-06-20 10:16:22.0,INFY,1367.04,170.0
2025-06-20 10:16:23.0,INFY,1302.15,268.0
2025-06-20 10:16:24.0,INFY,1411.12,792.0
2025-06-20 10:16:25.0,INFY,1350.56,813.0
2025-06-20 10:16:26.0,INFY,1453.06,917.0
2025-06-20 10:16:27.0,INFY,1315.91,142.0
2025-06-20 10:16:28.0,INFY,1472.64,452.0
2025-06-20 10:16:29.0,INFY,1452.0,634.0
2025-06-20 10:16:30.0,INFY,1344.24,833.0
2025-06-20 10:16:31.0,INFY,1496.25,221.0
2025-06-20 10:16:32.0,INFY,1344.88,848.0
2025-06-20 10:16:33.0,INFY,1347.0,554.0
2025-06-20 10:16:34.0,INFY,1408.75,696.0
2025-06-20 10:16:35.0,INFY,1385.58,747.0
2025-06-20 10:16:36.0,INFY,1344.25,282.0
2025-06-20 10:16:37.0,INFY,1325.3,933.0
2025-06-20 10:16:38.0,INFY,1356.19,212.0
2025-06-20 10:16:39.0,INFY,1400.22,561.0
