Timestamp,Symbol,Price,Volume
2025-06-20 10:00:00.0,RELIANCE,2480.0,700.0
2025-06-20 10:00:00.0,RELIANCE,2519.55,339.0
2025-06-20 10:00:01.0,RELIANCE,2494.69,885.0
2025-06-20 10:00:02.0,RELIANCE,2517.05,726.0
2025-06-20 10:00:03.0,RELIANCE,2547.49,386.0
2025-06-20 10:00:04.0,RELIANCE,2550.82,807.0
2025-06-20 10:00:05.0,RELIANCE,2568.66,743.0
2025-06-20 10:00:06.0,RELIANCE,2541.24,389.0
2025-06-20 10:00:07.0,RELIANCE,2400.05,608.0
2025-06-20 10:00:08.0,RELIANCE,2578.66,761.0
2025-06-20 10:00:09.0,RELIANCE,2420.24,766.0
2025-06-20 10:00:10.0,RELIANCE,2466.09,664.0
2025-06-20 10:00:11.0,RELIANCE,2591.77,688.0
2025-06-20 10:00:12.0,RELIANCE,2519.91,465.0
2025-06-20 10:00:13.0,RELIANCE,2427.26,781.0
2025-06-20 10:00:14.0,RELIANCE,2466.73,548.0
2025-06-20 10:00:15.0,RELIANCE,2526.74,834.0
2025-06-20 10:00:16.0,RELIANCE,2575.7,911.0
2025-06-20 10:00:17.0,RELIANCE,2476.96,212.0
2025-06-20 10:00:18.0,RELIANCE,2492.26,583.0
2025-06-20 10:00:19.0,RELIANCE,2581.63,736.0
2025-06-20 10:00:20.0,RELIANCE,2547.49,398.0
2025-06-20 10:00:21.0,RELIANCE,2559.08,945.0
2025-06-20 10:00:22.0,RELIANCE,2450.72,575.0
2025-06-20 10:00:23.0,RELIANCE,2401.71,706.0
2025-06-20 10:00:24.0,RELIANCE,2459.22,927.0
2025-06-20 10:00:25.0,RELIANCE,2462.45,961.0
2025-06-20 10:00:26.0,RELIANCE,2485.3,572.0
2025-06-20 10:00:27.0,RELIANCE,2404.3,303.0
2025-06-20 10:00:28.0,RELIANCE,2545.95,976.0
2025-06-20 10:00:29.0,RELIANCE,2521.66,599.0
2025-06-20 10:00:30.0,RELIANCE,2490.22,956.0
2025-06-20 10:00:31.0,RELIANCE,2589.23,280.0
2025-06-20 10:00:32.0,RELIANCE,2510.88,285.0
2025-06-20 10:00:33.0,RELIANCE,2473.22,976.0
2025-06-20 10:00:34.0,RELIANCE,2482.88,256.0
2025-06-20 10:00:35.0,RELIANCE,2512.69,980.0
2025-06-20 10:00:36.0,RELIANCE,2400.42,274.0
2025-06-20 10:00:37.0,RELIANCE,2455.47,551.0
2025-06-20 10:00:38.0,RELIANCE,2523.08,457.0
2025-06-20 10:00:39.0,RELIANCE,2463.72,615.0
2025-06-20 10:00:40.0,RELIANCE,2587.88,845.0
2025-06-20 10:00:41.0,RELIANCE,2471.93,380.0
2025-06-20 10:00:42.0,RELIANCE,2561.67,585.0
2025-06-20 10:00:43.0,RELIANCE,2509.06,357.0
2025-06-20 10:00:44.0,RELIANCE,2435.34,245.0
2025-06-20 10:00:45.0,RELIANCE,2458.57,862.0
2025-06-20 10:00:46.0,RELIANCE,2521.34,722.0
2025-06-20 10:00:47.0,RELIANCE,2426.21,881.0
2025-06-20 10:00:48.0,RELIANCE,2569.02,279.0
2025-06-20 10:00:49.0,RELIANCE,2535.35,181.0
2025-06-20 10:00:50.0,RELIANCE,2550.25,150.0
2025-06-20 10:00:51.0,RELIANCE,2572.93,209.0
2025-06-20 10:00:52.0,RELIANCE,2496.59,598.0
2025-06-20 10:00:53.0,RELIANCE,2430.72,781.0
2025-06-20 10:00:54.0,RELIANCE,2505.28,926.0
2025-06-20 10:00:55.0,RELIANCE,2459.2,262.0
2025-06-20 10:00:56.0,RELIANCE,2549.68,564.0
2025-06-20 10:00:57.0,RELIANCE,2575.91,885.0
2025-06-20 10:00:58.0,RELIANCE,2458.9,139.0
2025-06-20 10:00:59.0,RELIANCE,2499.66,686.0
2025-06-20 10:01:00.0,RELIANCE,2401.32,549.0
2025-06-20 10:01:01.0,RELIANCE,2483.34,647.0
2025-06-20 10:01:02.0,RELIANCE,2458.86,710.0
2025-06-20 10:01:03.0,RELIANCE,2498.69,725.0
2025-06-20 10:01:04.0,RELIANCE,2432.2,941.0
2025-06-20 10:01:05.0,RELIANCE,2581.12,428.0
2025-06-20 10:01:06.0,RELIANCE,2557.17,810.0
2025-06-20 10:01:07.0,RELIANCE,2550.97,394.0
2025-06-20 10:01:08.0,RELIANCE,2491.52,335.0
2025-06-20 10:01:09.0,RELIANCE,2435.19,136.0
2025-06-20 10:01:10.0,RELIANCE,2420.07,271.0
2025-06-20 10:01:11.0,RELIANCE,2480.62,344.0
2025-06-20 10:01:12.0,RELIANCE,2525.91,557.0
2025-06-20 10:01:13.0,RELIANCE,2420.19,996.0
2025-06-20 10:01:14.0,RELIANCE,2581.95,739.0
2025-06-20 10:01:15.0,RELIANCE,2449.55,555.0
2025-06-20 10:01:16.0,RELIANCE,2557.88,687.0
2025-06-20 10:01:17.0,RELIANCE,2512.16,531.0
2025-06-20 10:01:18.0,RELIANCE,2493.84,366.0
2025-06-20 10:01:19.0,RELIANCE,2460.3,560.0
2025-06-20 10:01:20.0,RELIANCE,2475.63,943.0
2025-06-20 10:01:21.0,RELIANCE,2570.42,525.0
2025-06-20 10:01:22.0,RELIANCE,2524.19,734.0
2025-06-20 10:01:23.0,RELIANCE,2542.92,575.0
2025-06-20 10:01:24.0,RELIANCE,2502.09,692.0
2025-06-20 10:01:25.0,RELIANCE,2573.58,101.0
2025-06-20 10:01:26.0,RELIANCE,2517.91,565.0
2025-06-20 10:01:27.0,RELIANCE,2491.78,131.0
2025-06-20 10:01:28.0,RELIANCE,2506.79,797.0
2025-06-20 10:01:29.0,RELIANCE,2522.75,593.0
2025-06-20 10:01:30.0,RELIANCE,2402.27,934.0
2025-06-20 10:01:31.0,RELIANCE,2435.05,759.0
2025-06-20 10:01:32.0,RELIANCE,2517.96,667.0
2025-06-20 10:01:33.0,RELIANCE,2539.88,651.0
2025-06-20 10:01:34.0,RELIANCE,2585.29,548.0
2025-06-20 10:01:35.0,RELIANCE,2427.24,165.0
2025-06-20 10:01:36.0,RELIANCE,2455.71,989.0
2025-06-20 10:01:37.0,RELIANCE,2430.31,766.0
2025-06-20 10:01:38.0,RELIANCE,2423.82,239.0
2025-06-20 10:01:39.0,RELIANCE,2515.25,722.0
2025-06-20 10:01:40.0,RELIANCE,2475.57,618.0
2025-06-20 10:01:41.0,RELIANCE,2426.84,821.0
2025-06-20 10:01:42.0,RELIANCE,2419.92,295.0
2025-06-20 10:01:43.0,RELIANCE,2531.2,230.0
2025-06-20 10:01:44.0,RELIANCE,2467.69,463.0
2025-06-20 10:01:45.0,RELIANCE,2431.11,601.0
2025-06-20 10:01:46.0,RELIANCE,2444.43,878.0
2025-06-20 10:01:47.0,RELIANCE,2508.64,205.0
2025-06-20 10:01:48.0,RELIANCE,2500.81,606.0
2025-06-20 10:01:49.0,RELIANCE,2562.81,381.0
2025-06-20 10:01:50.0,RELIANCE,2473.22,506.0
2025-06-20 10:01:51.0,RELIANCE,2464.49,618.0
2025-06-20 10:01:52.0,RELIANCE,2419.81,671.0
2025-06-20 10:01:53.0,RELIANCE,2515.54,624.0
2025-06-20 10:01:54.0,RELIANCE,2424.32,661.0
2025-06-20 10:01:55.0,RELIANCE,2458.86,463.0
2025-06-20 10:01:56.0,RELIANCE,2533.45,951.0
2025-06-20 10:01:57.0,RELIANCE,2556.66,242.0
2025-06-20 10:01:58.0,RELIANCE,2405.65,545.0
2025-06-20 10:01:59.0,RELIANCE,2465.28,104.0
2025-06-20 10:02:00.0,RELIANCE,2440.8,248.0
2025-06-20 10:02:01.0,RELIANCE,2512.75,651.0
2025-06-20 10:02:02.0,RELIANCE,2491.97,961.0
2025-06-20 10:02:03.0,RELIANCE,2455.58,615.0
2025-06-20 10:02:04.0,RELIANCE,2466.18,432.0
2025-06-20 10:02:05.0,RELIANCE,2416.68,188.0
2025-06-20 10:02:06.0,RELIANCE,2457.9,474.0
2025-06-20 10:02:07.0,RELIANCE,2417.12,776.0
2025-06-20 10:02:08.0,RELIANCE,2495.72,971.0
2025-06-20 10:02:09.0,RELIANCE,2541.03,395.0
2025-06-20 10:02:10.0,RELIANCE,2557.77,819.0
2025-06-20 10:02:11.0,RELIANCE,2420.41,183.0
2025-06-20 10:02:12.0,RELIANCE,2448.74,688.0
2025-06-20 10:02:13.0,RELIANCE,2476.74,168.0
2025-06-20 10:02:14.0,RELIANCE,2569.1,797.0
2025-06-20 10:02:15.0,RELIANCE,2526.08,312.0
2025-06-20 10:02:16.0,RELIANCE,2587.21,823.0
2025-06-20 10:02:17.0,RELIANCE,2561.4,724.0
2025-06-20 10:02:18.0,RELIANCE,2402.59,829.0
2025-06-20 10:02:19.0,RELIANCE,2464.55,494.0
2025-06-20 10:02:20.0,RELIANCE,2410.08,629.0
2025-06-20 10:02:21.0,RELIANCE,2429.11,556.0
2025-06-20 10:02:22.0,RELIANCE,2542.44,221.0
2025-06-20 10:02:23.0,RELIANCE,2564.15,103.0
2025-06-20 10:02:24.0,RELIANCE,2548.84,812.0
2025-06-20 10:02:25.0,RELIANCE,2481.97,934.0
2025-06-20 10:02:26.0,RELIANCE,2434.77,158.0
2025-06-20 10:02:27.0,RELIANCE,2410.53,216.0
2025-06-20 10:02:28.0,RELIANCE,2547.9,101.0
2025-06-20 10:02:29.0,RELIANCE,2597.26,358.0
2025-06-20 10:02:30.0,RELIANCE,2598.49,804.0
2025-06-20 10:02:31.0,RELIANCE,2478.4,250.0
2025-06-20 10:02:32.0,RELIANCE,2518.61,664.0
2025-06-20 10:02:33.0,RELIANCE,2592.81,638.0
2025-06-20 10:02:34.0,RELIANCE,2403.62,860.0
2025-06-20 10:02:35.0,RELIANCE,2467.19,686.0
2025-06-20 10:02:36.0,RELIANCE,2505.42,587.0
2025-06-20 10:02:37.0,RELIANCE,2403.35,586.0
2025-06-20 10:02:38.0,RELIANCE,2448.17,237.0
2025-06-20 10:02:39.0,RELIANCE,2559.85,415.0
2025-06-20 10:02:40.0,RELIANCE,2435.31,168.0
2025-06-20 10:02:41.0,RELIANCE,2536.32,676.0
2025-06-20 10:02:42.0,RELIANCE,2481.1,264.0
2025-06-20 10:02:43.0,RELIANCE,2581.47,326.0
2025-06-20 10:02:44.0,RELIANCE,2404.17,455.0
2025-06-20 10:02:45.0,RELIANCE,2585.62,735.0
2025-06-20 10:02:46.0,RELIANCE,2413.53,759.0
2025-06-20 10:02:47.0,RELIANCE,2455.36,251.0
2025-06-20 10:02:48.0,RELIANCE,2568.4,624.0
2025-06-20 10:02:49.0,RELIANCE,2405.92,220.0
2025-06-20 10:02:50.0,RELIANCE,2474.21,252.0
2025-06-20 10:02:51.0,RELIANCE,2588.78,763.0
2025-06-20 10:02:52.0,RELIANCE,2543.5,934.0
2025-06-20 10:02:53.0,RELIANCE,2431.64,157.0
2025-06-20 10:02:54.0,RELIANCE,2581.36,520.0
2025-06-20 10:02:55.0,RELIANCE,2524.4,619.0
2025-06-20 10:02:56.0,RELIANCE,2427.32,961.0
2025-06-20 10:02:57.0,RELIANCE,2544.8,948.0
2025-06-20 10:02:58.0,RELIANCE,2583.89,175.0
2025-06-20 10:02:59.0,RELIANCE,2416.95,243.0
2025-06-20 10:03:00.0,RELIANCE,2480.07,928.0
2025-06-20 10:03:01.0,RELIANCE,2464.07,882.0
2025-06-20 10:03:02.0,RELIANCE,2533.7,297.0
2025-06-20 10:03:03.0,RELIANCE,2591.74,329.0
2025-06-20 10:03:04.0,RELIANCE,2457.29,407.0
2025-06-20 10:03:05.0,RELIANCE,2432.1,949.0
2025-06-20 10:03:06.0,RELIANCE,2467.39,112.0
2025-06-20 10:03:07.0,RELIANCE,2531.07,902.0
2025-06-20 10:03:08.0,RELIANCE,2481.75,246.0
2025-06-20 10:03:09.0,RELIANCE,2425.22,549.0
2025-06-20 10:03:10.0,RELIANCE,2455.4,856.0
2025-06-20 10:03:11.0,RELIANCE,2443.28,152.0
2025-06-20 10:03:12.0,RELIANCE,2527.43,854.0
2025-06-20 10:03:13.0,RELIANCE,2486.53,936.0
2025-06-20 10:03:14.0,RELIANCE,2589.45,802.0
2025-06-20 10:03:15.0,RELIANCE,2545.76,349.0
2025-06-20 10:03:16.0,RELIANCE,2449.52,683.0
2025-06-20 10:03:17.0,RELIANCE,2442.9,685.0
2025-06-20 10:03:18.0,RELIANCE,2477.74,901.0
2025-06-20 10:03:19.0,RELIANCE,2564.53,306.0
2025-06-20 10:03:20.0,RELIANCE,2523.64,361.0
2025-06-20 10:03:21.0,RELIANCE,2510.22,317.0
2025-06-20 10:03:22.0,RELIANCE,2544.91,481.0
2025-06-20 10:03:23.0,RELIANCE,2491.39,604.0
2025-06-20 10:03:24.0,RELIANCE,2484.93,918.0
2025-06-20 10:03:25.0,RELIANCE,2513.9,345.0
2025-06-20 10:03:26.0,RELIANCE,2559.24,326.0
2025-06-20 10:03:27.0,RELIANCE,2517.36,818.0
2025-06-20 10:03:28.0,RELIANCE,2445.22,292.0
2025-06-20 10:03:29.0,RELIANCE,2591.73,883.0
2025-06-20 10:03:30.0,RELIANCE,2564.15,866.0
2025-06-20 10:03:31.0,RELIANCE,2534.95,314.0
2025-06-20 10:03:32.0,RELIANCE,2517.53,977.0
2025-06-20 10:03:33.0,RELIANCE,2505.98,636.0
2025-06-20 10:03:34.0,RELIANCE,2464.46,354.0
2025-06-20 10:03:35.0,RELIANCE,2463.14,429.0
2025-06-20 10:03:36.0,RELIANCE,2471.3,526.0
2025-06-20 10:03:37.0,RELIANCE,2552.8,115.0
2025-06-20 10:03:38.0,RELIANCE,2557.11,414.0
2025-06-20 10:03:39.0,RELIANCE,2460.76,259.0
2025-06-20 10:03:40.0,RELIANCE,2479.81,294.0
2025-06-20 10:03:41.0,RELIANCE,2470.9,599.0
2025-06-20 10:03:42.0,RELIANCE,2485.13,769.0
2025-06-20 10:03:43.0,RELIANCE,2579.72,537.0
2025-06-20 10:03:44.0,RELIANCE,2476.8,660.0
2025-06-20 10:03:45.0,RELIANCE,2594.29,897.0
2025-06-20 10:03:46.0,RELIANCE,2460.17,261.0
2025-06-20 10:03:47.0,RELIANCE,2408.85,552.0
2025-06-20 10:03:48.0,RELIANCE,2523.21,983.0
2025-06-20 10:03:49.0,RELIANCE,2415.94,424.0
2025-06-20 10:03:50.0,RELIANCE,2446.29,925.0
2025-06-20 10:03:51.0,RELIANCE,2420.18,866.0
2025-06-20 10:03:52.0,RELIANCE,2541.37,334.0
2025-06-20 10:03:53.0,RELIANCE,2434.96,110.0
2025-06-20 10:03:54.0,RELIANCE,2407.34,193.0
2025-06-20 10:03:55.0,RELIANCE,2438.92,702.0
2025-06-20 10:03:56.0,RELIANCE,2450.6,856.0
2025-06-20 10:03:57.0,RELIANCE,2531.17,960.0
2025-06-20 10:03:58.0,RELIANCE,2548.07,607.0
2025-06-20 10:03:59.0,RELIANCE,2579.85,963.0
2025-06-20 10:04:00.0,RELIANCE,2475.16,470.0
2025-06-20 10:04:01.0,RELIANCE,2446.96,751.0
2025-06-20 10:04:02.0,RELIANCE,2494.8,870.0
2025-06-20 10:04:03.0,RELIANCE,2456.9,736.0
2025-06-20 10:04:04.0,RELIANCE,2468.09,629.0
2025-06-20 10:04:05.0,RELIANCE,2513.11,282.0
2025-06-20 10:04:06.0,RELIANCE,2588.61,792.0
2025-06-20 10:04:07.0,RELIANCE,2583.34,981.0
2025-06-20 10:04:08.0,RELIANCE,2403.93,897.0
2025-06-20 10:04:09.0,RELIANCE,2431.14,438.0
2025-06-20 10:04:10.0,RELIANCE,2518.06,174.0
2025-06-20 10:04:11.0,RELIANCE,2442.69,485.0
2025-06-20 10:04:12.0,RELIANCE,2537.81,396.0
2025-06-20 10:04:13.0,RELIANCE,2509.08,582.0
2025-06-20 10:04:14.0,RELIANCE,2406.64,548.0
2025-06-20 10:04:15.0,RELIANCE,2444.56,873.0
2025-06-20 10:04:16.0,RELIANCE,2471.44,896.0
2025-06-20 10:04:17.0,RELIANCE,2428.03,526.0
2025-06-20 10:04:18.0,RELIANCE,2406.05,721.0
2025-06-20 10:04:19.0,RELIANCE,2531.27,316.0
2025-06-20 10:04:20.0,RELIANCE,2464.25,151.0
2025-06-20 10:04:21.0,RELIANCE,2477.31,255.0
2025-06-20 10:04:22.0,RELIANCE,2528.41,699.0
2025-06-20 10:04:23.0,RELIANCE,2411.42,653.0
2025-06-20 10:04:24.0,RELIANCE,2404.11,340.0
2025-06-20 10:04:25.0,RELIANCE,2505.31,547.0
2025-06-20 10:04:26.0,RELIANCE,2441.94,319.0
2025-06-20 10:04:27.0,RELIANCE,2542.55,234.0
2025-06-20 10:04:28.0,RELIANCE,2440.76,603.0
2025-06-20 10:04:29.0,RELIANCE,2427.97,364.0
2025-06-20 10:04:30.0,RELIANCE,2565.71,212.0
2025-06-20 10:04:31.0,RELIANCE,2545.48,664.0
2025-06-20 10:04:32.0,RELIANCE,2556.98,531.0
2025-06-20 10:04:33.0,RELIANCE,2462.79,432.0
2025-06-20 10:04:34.0,RELIANCE,2417.69,409.0
2025-06-20 10:04:35.0,RELIANCE,2553.11,133.0
2025-06-20 10:04:36.0,RELIANCE,2474.43,481.0
2025-06-20 10:04:37.0,RELIANCE,2593.07,173.0
2025-06-20 10:04:38.0,RELIANCE,2587.8,162.0
2025-06-20 10:04:39.0,RELIANCE,2512.25,907.0
2025-06-20 10:04:40.0,RELIANCE,2533.2,262.0
2025-06-20 10:04:41.0,RELIANCE,2418.52,667.0
2025-06-20 10:04:42.0,RELIANCE,2404.08,1000.0
2025-06-20 10:04:43.0,RELIANCE,2481.34,803.0
2025-06-20 10:04:44.0,RELIANCE,2551.68,820.0
2025-06-20 10:04:45.0,RELIANCE,2570.29,221.0
2025-06-20 10:04:46.0,RELIANCE,2434.2,267.0
2025-06-20 10:04:47.0,RELIANCE,2416.44,738.0
2025-06-20 10:04:48.0,RELIANCE,2402.66,231.0
2025-06-20 10:04:49.0,RELIANCE,2409.62,708.0
2025-06-20 10:04:50.0,RELIANCE,2497.46,499.0
2025-06-20 10:04:51.0,RELIANCE,2463.07,282.0
2025-06-20 10:04:52.0,RELIANCE,2561.28,706.0
2025-06-20 10:04:53.0,RELIANCE,2511.01,376.0
2025-06-20 10:04:54.0,RELIANCE,2451.97,558.0
2025-06-20 10:04:55.0,RELIANCE,2438.04,435.0
2025-06-20 10:04:56.0,RELIANCE,2587.32,954.0
2025-06-20 10:04:57.0,RELIANCE,2433.77,168.0
2025-06-20 10:04:58.0,RELIANCE,2541.73,792.0
2025-06-20 10:04:59.0,RELIANCE,2456.3,502.0
2025-06-20 10:05:00.0,RELIANCE,2528.94,525.0
2025-06-20 10:05:01.0,RELIANCE,2549.41,344.0
2025-06-20 10:05:02.0,RELIANCE,2435.45,499.0
2025-06-20 10:05:03.0,RELIANCE,2402.12,188.0
2025-06-20 10:05:04.0,RELIANCE,2533.77,760.0
2025-06-20 10:05:05.0,RELIANCE,2578.91,485.0
2025-06-20 10:05:06.0,RELIANCE,2447.15,373.0
2025-06-20 10:05:07.0,RELIANCE,2419.14,502.0
2025-06-20 10:05:08.0,RELIANCE,2561.4,309.0
2025-06-20 10:05:09.0,RELIANCE,2449.87,329.0
2025-06-20 10:05:10.0,RELIANCE,2512.36,477.0
2025-06-20 10:05:11.0,RELIANCE,2463.91,454.0
2025-06-20 10:05:12.0,RELIANCE,2478.27,897.0
2025-06-20 10:05:13.0,RELIANCE,2415.32,308.0
2025-06-20 10:05:14.0,RELIANCE,2426.88,911.0
2025-06-20 10:05:15.0,RELIANCE,2422.45,246.0
2025-06-20 10:05:16.0,RELIANCE,2545.38,854.0
2025-06-20 10:05:17.0,RELIANCE,2496.04,954.0
2025-06-20 10:05:18.0,RELIANCE,2556.41,737.0
2025-06-20 10:05:19.0,RELIANCE,2536.25,868.0
2025-06-20 10:05:20.0,RELIANCE,2467.11,844.0
2025-06-20 10:05:21.0,RELIANCE,2506.81,350.0
2025-06-20 10:05:22.0,RELIANCE,2474.3,536.0
2025-06-20 10:05:23.0,RELIANCE,2418.62,947.0
2025-06-20 10:05:24.0,RELIANCE,2468.66,265.0
2025-06-20 10:05:25.0,RELIANCE,2428.68,209.0
2025-06-20 10:05:26.0,RELIANCE,2521.35,815.0
2025-06-20 10:05:27.0,RELIANCE,2415.79,696.0
2025-06-20 10:05:28.0,RELIANCE,2535.23,234.0
2025-06-20 10:05:29.0,RELIANCE,2488.96,155.0
2025-06-20 10:05:30.0,RELIANCE,2537.34,856.0
2025-06-20 10:05:31.0,RELIANCE,2511.31,212.0
2025-06-20 10:05:32.0,RELIANCE,2488.63,888.0
2025-06-20 10:05:33.0,RELIANCE,2518.07,655.0
2025-06-20 10:05:34.0,RELIANCE,2454.17,975.0
2025-06-20 10:05:35.0,RELIANCE,2502.6,718.0
2025-06-20 10:05:36.0,RELIANCE,2415.11,187.0
2025-06-20 10:05:37.0,RELIANCE,2498.38,635.0
2025-06-20 10:05:38.0,RELIANCE,2541.57,367.0
2025-06-20 10:05:39.0,RELIANCE,2528.36,765.0
2025-06-20 10:05:40.0,RELIANCE,2447.79,317.0
2025-06-20 10:05:41.0,RELIANCE,2538.35,823.0
2025-06-20 10:05:42.0,RELIANCE,2532.43,795.0
2025-06-20 10:05:43.0,RELIANCE,2432.73,497.0
2025-06-20 10:05:44.0,RELIANCE,2468.07,550.0
2025-06-20 10:05:45.0,RELIANCE,2502.05,515.0
2025-06-20 10:05:46.0,RELIANCE,2522.42,741.0
2025-06-20 10:05:47.0,RELIANCE,2517.78,618.0
2025-06-20 10:05:48.0,RELIANCE,2569.83,680.0
2025-06-20 10:05:49.0,RELIANCE,2459.3,938.0
2025-06-20 10:05:50.0,RELIANCE,2598.95,413.0
2025-06-20 10:05:51.0,RELIANCE,2481.06,389.0
2025-06-20 10:05:52.0,RELIANCE,2568.85,395.0
2025-06-20 10:05:53.0,RELIANCE,2568.8,735.0
2025-06-20 10:05:54.0,RELIANCE,2414.41,523.0
2025-06-20 10:05:55.0,RELIANCE,2599.25,680.0
2025-06-20 10:05:56.0,RELIANCE,2503.58,500.0
2025-06-20 10:05:57.0,RELIANCE,2483.72,596.0
2025-06-20 10:05:58.0,RELIANCE,2599.95,551.0
2025-06-20 10:05:59.0,RELIANCE,2431.76,757.0
2025-06-20 10:06:00.0,RELIANCE,2431.39,265.0
2025-06-20 10:06:01.0,RELIANCE,2464.52,726.0
2025-06-20 10:06:02.0,RELIANCE,2530.42,267.0
2025-06-20 10:06:03.0,RELIANCE,2455.85,521.0
2025-06-20 10:06:04.0,RELIANCE,2580.33,322.0
2025-06-20 10:06:05.0,RELIANCE,2529.57,574.0
2025-06-20 10:06:06.0,RELIANCE,2433.86,159.0
2025-06-20 10:06:07.0,RELIANCE,2582.7,913.0
2025-06-20 10:06:08.0,RELIANCE,2556.56,972.0
2025-06-20 10:06:09.0,RELIANCE,2532.31,395.0
2025-06-20 10:06:10.0,RELIANCE,2446.84,717.0
2025-06-20 10:06:11.0,RELIANCE,2533.39,223.0
2025-06-20 10:06:12.0,RELIANCE,2549.09,639.0
2025-06-20 10:06:13.0,RELIANCE,2587.43,378.0
2025-06-20 10:06:14.0,RELIANCE,2498.35,728.0
2025-06-20 10:06:15.0,RELIANCE,2538.94,842.0
2025-06-20 10:06:16.0,RELIANCE,2558.48,420.0
2025-06-20 10:06:17.0,RELIANCE,2426.91,896.0
2025-06-20 10:06:18.0,RELIANCE,2490.06,164.0
2025-06-20 10:06:19.0,RELIANCE,2421.55,242.0
2025-06-20 10:06:20.0,RELIANCE,2597.58,352.0
2025-06-20 10:06:21.0,RELIANCE,2594.08,865.0
2025-06-20 10:06:22.0,RELIANCE,2574.75,398.0
2025-06-20 10:06:23.0,RELIANCE,2552.05,100.0
2025-06-20 10:06:24.0,RELIANCE,2543.24,581.0
2025-06-20 10:06:25.0,RELIANCE,2499.52,538.0
2025-06-20 10:06:26.0,RELIANCE,2481.86,961.0
2025-06-20 10:06:27.0,RELIANCE,2549.81,174.0
2025-06-20 10:06:28.0,RELIANCE,2592.86,313.0
2025-06-20 10:06:29.0,RELIANCE,2412.68,524.0
2025-06-20 10:06:30.0,RELIANCE,2593.5,291.0
2025-06-20 10:06:31.0,RELIANCE,2570.3,380.0
2025-06-20 10:06:32.0,RELIANCE,2597.68,178.0
2025-06-20 10:06:33.0,RELIANCE,2527.76,510.0
2025-06-20 10:06:34.0,RELIANCE,2521.69,782.0
2025-06-20 10:06:35.0,RELIANCE,2489.16,191.0
2025-06-20 10:06:36.0,RELIANCE,2598.18,847.0
2025-06-20 10:06:37.0,RELIANCE,2467.47,206.0
2025-06-20 10:06:38.0,RELIANCE,2489.15,938.0
2025-06-20 10:06:39.0,RELIANCE,2419.95,446.0
2025-06-20 10:06:40.0,RELIANCE,2514.2,515.0
2025-06-20 10:06:41.0,RELIANCE,2553.42,478.0
2025-06-20 10:06:42.0,RELIANCE,2495.47,963.0
2025-06-20 10:06:43.0,RELIANCE,2509.03,172.0
2025-06-20 10:06:44.0,RELIANCE,2536.78,784.0
2025-06-20 10:06:45.0,RELIANCE,2496.13,634.0
2025-06-20 10:06:46.0,RELIANCE,2459.42,766.0
2025-06-20 10:06:47.0,RELIANCE,2411.0,799.0
2025-06-20 10:06:48.0,RELIANCE,2589.14,491.0
2025-06-20 10:06:49.0,RELIANCE,2590.39,713.0
2025-06-20 10:06:50.0,RELIANCE,2536.95,934.0
2025-06-20 10:06:51.0,RELIANCE,2528.92,146.0
2025-06-20 10:06:52.0,RELIANCE,2427.2,558.0
2025-06-20 10:06:53.0,RELIANCE,2501.48,982.0
2025-06-20 10:06:54.0,RELIANCE,2442.76,437.0
2025-06-20 10:06:55.0,RELIANCE,2559.84,150.0
2025-06-20 10:06:56.0,RELIANCE,2420.26,133.0
2025-06-20 10:06:57.0,RELIANCE,2562.44,488.0
2025-06-20 10:06:58.0,RELIANCE,2508.74,902.0
2025-06-20 10:06:59.0,RELIANCE,2452.33,375.0
2025-06-20 10:07:00.0,RELIANCE,2544.11,505.0
2025-06-20 10:07:01.0,RELIANCE,2486.79,303.0
2025-06-20 10:07:02.0,RELIANCE,2578.89,981.0
2025-06-20 10:07:03.0,RELIANCE,2514.66,160.0
2025-06-20 10:07:04.0,RELIANCE,2557.43,770.0
2025-06-20 10:07:05.0,RELIANCE,2482.54,413.0
2025-06-20 10:07:06.0,RELIANCE,2549.23,418.0
2025-06-20 10:07:07.0,RELIANCE,2547.82,682.0
2025-06-20 10:07:08.0,RELIANCE,2505.43,823.0
2025-06-20 10:07:09.0,RELIANCE,2452.33,195.0
2025-06-20 10:07:10.0,RELIANCE,2496.74,617.0
2025-06-20 10:07:11.0,RELIANCE,2581.59,504.0
2025-06-20 10:07:12.0,RELIANCE,2491.02,863.0
2025-06-20 10:07:13.0,RELIANCE,2477.41,788.0
2025-06-20 10:07:14.0,RELIANCE,2587.13,118.0
2025-06-20 10:07:15.0,RELIANCE,2576.31,122.0
2025-06-20 10:07:16.0,RELIANCE,2452.9,112.0
2025-06-20 10:07:17.0,RELIANCE,2524.76,970.0
2025-06-20 10:07:18.0,RELIANCE,2403.62,687.0
2025-06-20 10:07:19.0,RELIANCE,2588.23,663.0
2025-06-20 10:07:20.0,RELIANCE,2536.08,493.0
2025-06-20 10:07:21.0,RELIANCE,2450.65,708.0
2025-06-20 10:07:22.0,RELIANCE,2566.04,826.0
2025-06-20 10:07:23.0,RELIANCE,2494.66,626.0
2025-06-20 10:07:24.0,RELIANCE,2417.6,976.0
2025-06-20 10:07:25.0,RELIANCE,2512.74,375.0
2025-06-20 10:07:26.0,RELIANCE,2554.6,848.0
2025-06-20 10:07:27.0,RELIANCE,2417.86,605.0
2025-06-20 10:07:28.0,RELIANCE,2453.9,322.0
2025-06-20 10:07:29.0,RELIANCE,2422.09,886.0
2025-06-20 10:07:30.0,RELIANCE,2415.17,276.0
2025-06-20 10:07:31.0,RELIANCE,2575.41,477.0
2025-06-20 10:07:32.0,RELIANCE,2503.52,680.0
2025-06-20 10:07:33.0,RELIANCE,2595.93,332.0
2025-06-20 10:07:34.0,RELIANCE,2573.5,344.0
2025-06-20 10:07:35.0,RELIANCE,2408.49,401.0
2025-06-20 10:07:36.0,RELIANCE,2443.99,596.0
2025-06-20 10:07:37.0,RELIANCE,2552.58,840.0
2025-06-20 10:07:38.0,RELIANCE,2566.93,987.0
2025-06-20 10:07:39.0,RELIANCE,2451.14,834.0
2025-06-20 10:07:40.0,RELIANCE,2417.52,393.0
2025-06-20 10:07:41.0,RELIANCE,2422.48,968.0
2025-06-20 10:07:42.0,RELIANCE,2499.32,966.0
2025-06-20 10:07:43.0,RELIANCE,2568.62,863.0
2025-06-20 10:07:44.0,RELIANCE,2413.41,373.0
2025-06-20 10:07:45.0,RELIANCE,2426.44,714.0
2025-06-20 10:07:46.0,RELIANCE,2413.67,855.0
2025-06-20 10:07:47.0,RELIANCE,2465.71,756.0
2025-06-20 10:07:48.0,RELIANCE,2466.93,460.0
2025-06-20 10:07:49.0,RELIANCE,2550.43,282.0
2025-06-20 10:07:50.0,RELIANCE,2594.01,376.0
2025-06-20 10:07:51.0,RELIANCE,2463.08,183.0
2025-06-20 10:07:52.0,RELIANCE,2592.21,616.0
2025-06-20 10:07:53.0,RELIANCE,2409.52,569.0
2025-06-20 10:07:54.0,RELIANCE,2530.94,456.0
2025-06-20 10:07:55.0,RELIANCE,2507.82,292.0
2025-06-20 10:07:56.0,RELIANCE,2573.44,443.0
2025-06-20 10:07:57.0,RELIANCE,2435.02,394.0
2025-06-20 10:07:58.0,RELIANCE,2548.3,113.0
2025-06-20 10:07:59.0,RELIANCE,2415.76,209.0
2025-06-20 10:08:00.0,RELIANCE,2571.28,589.0
2025-06-20 10:08:01.0,RELIANCE,2491.6,569.0
2025-06-20 10:08:02.0,RELIANCE,2460.81,726.0
2025-06-20 10:08:03.0,RELIANCE,2562.1,451.0
2025-06-20 10:08:04.0,RELIANCE,2516.63,906.0
2025-06-20 10:08:05.0,RELIANCE,2534.15,637.0
2025-06-20 10:08:06.0,RELIANCE,2537.88,998.0
2025-06-20 10:08:07.0,RELIANCE,2593.9,692.0
2025-06-20 10:08:08.0,RELIANCE,2419.88,551.0
2025-06-20 10:08:09.0,RELIANCE,2448.01,352.0
2025-06-20 10:08:10.0,RELIANCE,2524.7,525.0
2025-06-20 10:08:11.0,RELIANCE,2580.96,529.0
2025-06-20 10:08:12.0,RELIANCE,2470.53,952.0
2025-06-20 10:08:13.0,RELIANCE,2508.67,635.0
2025-06-20 10:08:14.0,RELIANCE,2522.43,367.0
2025-06-20 10:08:15.0,RELIANCE,2401.17,507.0
2025-06-20 10:08:16.0,RELIANCE,2429.45,517.0
2025-06-20 10:08:17.0,RELIANCE,2465.78,197.0
2025-06-20 10:08:18.0,RELIANCE,2587.01,319.0
2025-06-20 10:08:19.0,RELIANCE,2522.14,975.0
2025-06-20 10:08:20.0,RELIANCE,2419.47,732.0
2025-06-20 10:08:21.0,RELIANCE,2482.38,174.0
2025-06-20 10:08:22.0,RELIANCE,2400.83,349.0
2025-06-20 10:08:23.0,RELIANCE,2581.21,239.0
2025-06-20 10:08:24.0,RELIANCE,2439.97,482.0
2025-06-20 10:08:25.0,RELIANCE,2414.52,857.0
2025-06-20 10:08:26.0,RELIANCE,2539.56,958.0
2025-06-20 10:08:27.0,RELIANCE,2599.95,394.0
2025-06-20 10:08:28.0,RELIANCE,2402.82,198.0
2025-06-20 10:08:29.0,RELIANCE,2412.76,307.0
2025-06-20 10:08:30.0,RELIANCE,2521.41,219.0
2025-06-20 10:08:31.0,RELIANCE,2534.49,681.0
2025-06-20 10:08:32.0,RELIANCE,2507.78,328.0
2025-06-20 10:08:33.0,RELIANCE,2421.66,635.0
2025-06-20 10:08:34.0,RELIANCE,2484.42,329.0
2025-06-20 10:08:35.0,RELIANCE,2412.7,494.0
2025-06-20 10:08:36.0,RELIANCE,2536.34,441.0
2025-06-20 10:08:37.0,RELIANCE,2445.94,425.0
2025-06-20 10:08:38.0,RELIANCE,2498.24,291.0
2025-06-20 10:08:39.0,RELIANCE,2461.52,204.0
2025-06-20 10:08:40.0,RELIANCE,2584.79,788.0
2025-06-20 10:08:41.0,RELIANCE,2450.38,299.0
2025-06-20 10:08:42.0,RELIANCE,2420.64,950.0
2025-06-20 10:08:43.0,RELIANCE,2427.16,259.0
2025-06-20 10:08:44.0,RELIANCE,2474.04,504.0
2025-06-20 10:08:45.0,RELIANCE,2428.72,652.0
2025-06-20 10:08:46.0,RELIANCE,2499.91,886.0
2025-06-20 10:08:47.0,RELIANCE,2402.17,553.0
2025-06-20 10:08:48.0,RELIANCE,2430.41,681.0
2025-06-20 10:08:49.0,RELIANCE,2490.88,618.0
2025-06-20 10:08:50.0,RELIANCE,2402.69,849.0
2025-06-20 10:08:51.0,RELIANCE,2568.48,986.0
2025-06-20 10:08:52.0,RELIANCE,2534.71,814.0
2025-06-20 10:08:53.0,RELIANCE,2516.54,999.0
2025-06-20 10:08:54.0,RELIANCE,2520.27,446.0
2025-06-20 10:08:55.0,RELIANCE,2569.76,394.0
2025-06-20 10:08:56.0,RELIANCE,2461.64,922.0
2025-06-20 10:08:57.0,RELIANCE,2427.18,557.0
2025-06-20 10:08:58.0,RELIANCE,2572.26,261.0
2025-06-20 10:08:59.0,RELIANCE,2534.68,923.0
2025-06-20 10:09:00.0,RELIANCE,2515.91,771.0
2025-06-20 10:09:01.0,RELIANCE,2428.67,1000.0
2025-06-20 10:09:02.0,RELIANCE,2497.32,725.0
2025-06-20 10:09:03.0,RELIANCE,2478.64,407.0
2025-06-20 10:09:04.0,RELIANCE,2487.48,790.0
2025-06-20 10:09:05.0,RELIANCE,2583.06,533.0
2025-06-20 10:09:06.0,RELIANCE,2472.87,578.0
2025-06-20 10:09:07.0,RELIANCE,2507.02,508.0
2025-06-20 10:09:08.0,RELIANCE,2448.57,627.0
2025-06-20 10:09:09.0,RELIANCE,2443.46,928.0
2025-06-20 10:09:10.0,RELIANCE,2522.28,296.0
2025-06-20 10:09:11.0,RELIANCE,2452.28,142.0
2025-06-20 10:09:12.0,RELIANCE,2470.56,247.0
2025-06-20 10:09:13.0,RELIANCE,2423.34,343.0
2025-06-20 10:09:14.0,RELIANCE,2546.8,299.0
2025-06-20 10:09:15.0,RELIANCE,2577.98,627.0
2025-06-20 10:09:16.0,RELIANCE,2443.05,148.0
2025-06-20 10:09:17.0,RELIANCE,2444.64,971.0
2025-06-20 10:09:18.0,RELIANCE,2595.46,422.0
2025-06-20 10:09:19.0,RELIANCE,2455.24,645.0
2025-06-20 10:09:20.0,RELIANCE,2410.45,757.0
2025-06-20 10:09:21.0,RELIANCE,2410.33,758.0
2025-06-20 10:09:22.0,RELIANCE,2572.78,350.0
2025-06-20 10:09:23.0,RELIANCE,2546.57,798.0
2025-06-20 10:09:24.0,RELIANCE,2575.05,723.0
2025-06-20 10:09:25.0,RELIANCE,2407.7,218.0
2025-06-20 10:09:26.0,RELIANCE,2509.6,812.0
2025-06-20 10:09:27.0,RELIANCE,2432.67,494.0
2025-06-20 10:09:28.0,RELIANCE,2579.44,256.0
2025-06-20 10:09:29.0,RELIANCE,2549.2,518.0
2025-06-20 10:09:30.0,RELIANCE,2508.2,419.0
2025-06-20 10:09:31.0,RELIANCE,2581.4,803.0
2025-06-20 10:09:32.0,RELIANCE,2411.68,612.0
2025-06-20 10:09:33.0,RELIANCE,2499.93,306.0
2025-06-20 10:09:34.0,RELIANCE,2413.05,856.0
2025-06-20 10:09:35.0,RELIANCE,2405.04,952.0
2025-06-20 10:09:36.0,RELIANCE,2511.57,531.0
2025-06-20 10:09:37.0,RELIANCE,2591.83,141.0
2025-06-20 10:09:38.0,RELIANCE,2531.47,158.0
2025-06-20 10:09:39.0,RELIANCE,2429.25,517.0
2025-06-20 10:09:40.0,RELIANCE,2406.28,716.0
2025-06-20 10:09:41.0,RELIANCE,2503.41,973.0
2025-06-20 10:09:42.0,RELIANCE,2506.17,643.0
2025-06-20 10:09:43.0,RELIANCE,2599.28,564.0
2025-06-20 10:09:44.0,RELIANCE,2563.16,716.0
2025-06-20 10:09:45.0,RELIANCE,2458.09,210.0
2025-06-20 10:09:46.0,RELIANCE,2546.56,246.0
2025-06-20 10:09:47.0,RELIANCE,2585.25,533.0
2025-06-20 10:09:48.0,RELIANCE,2485.15,487.0
2025-06-20 10:09:49.0,RELIANCE,2527.85,755.0
2025-06-20 10:09:50.0,RELIANCE,2429.79,671.0
2025-06-20 10:09:51.0,RELIANCE,2482.07,650.0
2025-06-20 10:09:52.0,RELIANCE,2505.64,768.0
2025-06-20 10:09:53.0,RELIANCE,2435.68,259.0
2025-06-20 10:09:54.0,RELIANCE,2437.34,455.0
2025-06-20 10:09:55.0,RELIANCE,2502.15,921.0
2025-06-20 10:09:56.0,RELIANCE,2594.91,735.0
2025-06-20 10:09:57.0,RELIANCE,2410.29,268.0
2025-06-20 10:09:58.0,RELIANCE,2450.46,816.0
2025-06-20 10:09:59.0,RELIANCE,2406.33,644.0
2025-06-20 10:10:00.0,RELIANCE,2459.44,167.0
2025-06-20 10:10:01.0,RELIANCE,2485.23,688.0
2025-06-20 10:10:02.0,RELIANCE,2542.42,827.0
2025-06-20 10:10:03.0,RELIANCE,2436.29,139.0
2025-06-20 10:10:04.0,RELIANCE,2547.75,277.0
2025-06-20 10:10:05.0,RELIANCE,2570.37,317.0
2025-06-20 10:10:06.0,RELIANCE,2404.01,728.0
2025-06-20 10:10:07.0,RELIANCE,2500.82,837.0
2025-06-20 10:10:08.0,RELIANCE,2477.1,937.0
2025-06-20 10:10:09.0,RELIANCE,2568.29,917.0
2025-06-20 10:10:10.0,RELIANCE,2581.65,247.0
2025-06-20 10:10:11.0,RELIANCE,2558.91,284.0
2025-06-20 10:10:12.0,RELIANCE,2530.19,316.0
2025-06-20 10:10:13.0,RELIANCE,2591.23,163.0
2025-06-20 10:10:14.0,RELIANCE,2403.21,263.0
2025-06-20 10:10:15.0,RELIANCE,2412.8,323.0
2025-06-20 10:10:16.0,RELIANCE,2573.79,470.0
2025-06-20 10:10:17.0,RELIANCE,2541.77,375.0
2025-06-20 10:10:18.0,RELIANCE,2544.57,868.0
2025-06-20 10:10:19.0,RELIANCE,2598.78,634.0
2025-06-20 10:10:20.0,RELIANCE,2563.13,573.0
2025-06-20 10:10:21.0,RELIANCE,2425.15,299.0
2025-06-20 10:10:22.0,RELIANCE,2583.12,937.0
2025-06-20 10:10:23.0,RELIANCE,2527.98,676.0
2025-06-20 10:10:24.0,RELIANCE,2544.53,901.0
2025-06-20 10:10:25.0,RELIANCE,2467.97,159.0
2025-06-20 10:10:26.0,RELIANCE,2573.95,271.0
2025-06-20 10:10:27.0,RELIANCE,2512.53,133.0
2025-06-20 10:10:28.0,RELIANCE,2561.9,404.0
2025-06-20 10:10:29.0,RELIANCE,2583.05,136.0
2025-06-20 10:10:30.0,RELIANCE,2565.08,564.0
2025-06-20 10:10:31.0,RELIANCE,2530.99,777.0
2025-06-20 10:10:32.0,RELIANCE,2405.43,931.0
2025-06-20 10:10:33.0,RELIANCE,2565.46,155.0
2025-06-20 10:10:34.0,RELIANCE,2438.37,820.0
2025-06-20 10:10:35.0,RELIANCE,2585.04,948.0
2025-06-20 10:10:36.0,RELIANCE,2479.84,820.0
2025-06-20 10:10:37.0,RELIANCE,2490.2,136.0
2025-06-20 10:10:38.0,RELIANCE,2590.38,369.0
2025-06-20 10:10:39.0,RELIANCE,2588.32,309.0
2025-06-20 10:10:40.0,RELIANCE,2514.73,251.0
2025-06-20 10:10:41.0,RELIANCE,2542.15,754.0
2025-06-20 10:10:42.0,RELIANCE,2406.06,442.0
2025-06-20 10:10:43.0,RELIANCE,2478.22,359.0
2025-06-20 10:10:44.0,RELIANCE,2568.62,235.0
2025-06-20 10:10:45.0,RELIANCE,2414.39,476.0
2025-06-20 10:10:46.0,RELIANCE,2445.83,660.0
2025-06-20 10:10:47.0,RELIANCE,2402.54,256.0
2025-06-20 10:10:48.0,RELIANCE,2442.92,891.0
2025-06-20 10:10:49.0,RELIANCE,2527.59,836.0
2025-06-20 10:10:50.0,RELIANCE,2440.72,920.0
2025-06-20 10:10:51.0,RELIANCE,2519.83,638.0
2025-06-20 10:10:52.0,RELIANCE,2418.3,701.0
2025-06-20 10:10:53.0,RELIANCE,2529.57,199.0
2025-06-20 10:10:54.0,RELIANCE,2543.03,694.0
2025-06-20 10:10:55.0,RELIANCE,2520.54,973.0
2025-06-20 10:10:56.0,RELIANCE,2556.18,652.0
2025-06-20 10:10:57.0,RELIANCE,2552.33,488.0
2025-06-20 10:10:58.0,RELIANCE,2424.71,558.0
2025-06-20 10:10:59.0,RELIANCE,2415.11,551.0
2025-06-20 10:11:00.0,RELIANCE,2449.17,879.0
2025-06-20 10:11:01.0,RELIANCE,2524.94,777.0
2025-06-20 10:11:02.0,RELIANCE,2551.4,480.0
2025-06-20 10:11:03.0,RELIANCE,2592.89,820.0
2025-06-20 10:11:04.0,RELIANCE,2472.55,586.0
2025-06-20 10:11:05.0,RELIANCE,2588.13,979.0
2025-06-20 10:11:06.0,RELIANCE,2424.08,435.0
2025-06-20 10:11:07.0,RELIANCE,2590.41,178.0
2025-06-20 10:11:08.0,RELIANCE,2476.37,996.0
2025-06-20 10:11:09.0,RELIANCE,2592.45,856.0
2025-06-20 10:11:10.0,RELIANCE,2584.07,912.0
2025-06-20 10:11:11.0,RELIANCE,2559.46,430.0
2025-06-20 10:11:12.0,RELIANCE,2480.83,176.0
2025-06-20 10:11:13.0,RELIANCE,2583.53,979.0
2025-06-20 10:11:14.0,RELIANCE,2551.06,876.0
2025-06-20 10:11:15.0,RELIANCE,2595.86,316.0
2025-06-20 10:11:16.0,RELIANCE,2503.72,504.0
2025-06-20 10:11:17.0,RELIANCE,2599.75,482.0
2025-06-20 10:11:18.0,RELIANCE,2514.42,797.0
2025-06-20 10:11:19.0,RELIANCE,2476.77,293.0
2025-06-20 10:11:20.0,RELIANCE,2436.59,408.0
2025-06-20 10:11:21.0,RELIANCE,2512.57,456.0
2025-06-20 10:11:22.0,RELIANCE,2560.53,666.0
2025-06-20 10:11:23.0,RELIANCE,2465.79,195.0
2025-06-20 10:11:24.0,RELIANCE,2482.65,324.0
2025-06-20 10:11:25.0,RELIANCE,2578.19,493.0
2025-06-20 10:11:26.0,RELIANCE,2590.72,708.0
2025-06-20 10:11:27.0,RELIANCE,2543.04,679.0
2025-06-20 10:11:28.0,RELIANCE,2501.21,446.0
2025-06-20 10:11:29.0,RELIANCE,2428.56,138.0
2025-06-20 10:11:30.0,RELIANCE,2415.59,808.0
2025-06-20 10:11:31.0,RELIANCE,2468.17,374.0
2025-06-20 10:11:32.0,RELIANCE,2585.13,577.0
2025-06-20 10:11:33.0,RELIANCE,2514.88,155.0
2025-06-20 10:11:34.0,RELIANCE,2527.8,956.0
2025-06-20 10:11:35.0,RELIANCE,2490.5,870.0
2025-06-20 10:11:36.0,RELIANCE,2567.38,973.0
2025-06-20 10:11:37.0,RELIANCE,2510.15,370.0
2025-06-20 10:11:38.0,RELIANCE,2492.0,133.0
2025-06-20 10:11:39.0,RELIANCE,2473.88,252.0
2025-06-20 10:11:40.0,RELIANCE,2559.41,304.0
2025-06-20 10:11:41.0,RELIANCE,2456.03,566.0
2025-06-20 10:11:42.0,RELIANCE,2562.92,285.0
2025-06-20 10:11:43.0,RELIANCE,2476.27,755.0
2025-06-20 10:11:44.0,RELIANCE,2419.58,836.0
2025-06-20 10:11:45.0,RELIANCE,2550.07,695.0
2025-06-20 10:11:46.0,RELIANCE,2482.05,638.0
2025-06-20 10:11:47.0,RELIANCE,2455.66,494.0
2025-06-20 10:11:48.0,RELIANCE,2414.61,182.0
2025-06-20 10:11:49.0,RELIANCE,2503.69,570.0
2025-06-20 10:11:50.0,RELIANCE,2427.98,855.0
2025-06-20 10:11:51.0,RELIANCE,2518.12,227.0
2025-06-20 10:11:52.0,RELIANCE,2537.36,787.0
2025-06-20 10:11:53.0,RELIANCE,2536.45,347.0
2025-06-20 10:11:54.0,RELIANCE,2582.64,461.0
2025-06-20 10:11:55.0,RELIANCE,2581.71,165.0
2025-06-20 10:11:56.0,RELIANCE,2414.55,633.0
2025-06-20 10:11:57.0,RELIANCE,2523.57,161.0
2025-06-20 10:11:58.0,RELIANCE,2519.7,930.0
2025-06-20 10:11:59.0,RELIANCE,2522.68,965.0
2025-06-20 10:12:00.0,RELIANCE,2444.71,214.0
2025-06-20 10:12:01.0,RELIANCE,2449.64,638.0
2025-06-20 10:12:02.0,RELIANCE,2533.54,841.0
2025-06-20 10:12:03.0,RELIANCE,2503.16,511.0
2025-06-20 10:12:04.0,RELIANCE,2439.14,958.0
2025-06-20 10:12:05.0,RELIANCE,2478.21,681.0
2025-06-20 10:12:06.0,RELIANCE,2575.93,248.0
2025-06-20 10:12:07.0,RELIANCE,2457.89,581.0
2025-06-20 10:12:08.0,RELIANCE,2449.24,506.0
2025-06-20 10:12:09.0,RELIANCE,2592.82,942.0
2025-06-20 10:12:10.0,RELIANCE,2578.4,914.0
2025-06-20 10:12:11.0,RELIANCE,2532.89,531.0
2025-06-20 10:12:12.0,RELIANCE,2575.77,989.0
2025-06-20 10:12:13.0,RELIANCE,2521.64,849.0
2025-06-20 10:12:14.0,RELIANCE,2495.42,454.0
2025-06-20 10:12:15.0,RELIANCE,2571.41,205.0
2025-06-20 10:12:16.0,RELIANCE,2435.44,531.0
2025-06-20 10:12:17.0,RELIANCE,2484.89,462.0
2025-06-20 10:12:18.0,RELIANCE,2506.74,405.0
2025-06-20 10:12:19.0,RELIANCE,2547.23,436.0
2025-06-20 10:12:20.0,RELIANCE,2474.95,921.0
2025-06-20 10:12:21.0,RELIANCE,2556.2,983.0
2025-06-20 10:12:22.0,RELIANCE,2569.2,680.0
2025-06-20 10:12:23.0,RELIANCE,2555.87,289.0
2025-06-20 10:12:24.0,RELIANCE,2570.25,196.0
2025-06-20 10:12:25.0,RELIANCE,2421.5,681.0
2025-06-20 10:12:26.0,RELIANCE,2492.9,575.0
2025-06-20 10:12:27.0,RELIANCE,2440.63,971.0
2025-06-20 10:12:28.0,RELIANCE,2491.35,176.0
2025-06-20 10:12:29.0,RELIANCE,2517.33,723.0
2025-06-20 10:12:30.0,RELIANCE,2588.02,298.0
2025-06-20 10:12:31.0,RELIANCE,2469.07,728.0
2025-06-20 10:12:32.0,RELIANCE,2424.49,646.0
2025-06-20 10:12:33.0,RELIANCE,2436.9,659.0
2025-06-20 10:12:34.0,RELIANCE,2513.83,809.0
2025-06-20 10:12:35.0,RELIANCE,2477.75,251.0
2025-06-20 10:12:36.0,RELIANCE,2406.34,868.0
2025-06-20 10:12:37.0,RELIANCE,2410.43,333.0
2025-06-20 10:12:38.0,RELIANCE,2479.54,469.0
2025-06-20 10:12:39.0,RELIANCE,2539.95,415.0
2025-06-20 10:12:40.0,RELIANCE,2471.08,522.0
2025-06-20 10:12:41.0,RELIANCE,2458.44,928.0
2025-06-20 10:12:42.0,RELIANCE,2594.25,568.0
2025-06-20 10:12:43.0,RELIANCE,2563.46,609.0
2025-06-20 10:12:44.0,RELIANCE,2557.66,365.0
2025-06-20 10:12:45.0,RELIANCE,2576.94,451.0
2025-06-20 10:12:46.0,RELIANCE,2411.68,284.0
2025-06-20 10:12:47.0,RELIANCE,2527.83,566.0
2025-06-20 10:12:48.0,RELIANCE,2547.68,849.0
2025-06-20 10:12:49.0,RELIANCE,2588.76,660.0
2025-06-20 10:12:50.0,RELIANCE,2428.95,580.0
2025-06-20 10:12:51.0,RELIANCE,2490.13,226.0
2025-06-20 10:12:52.0,RELIANCE,2586.49,956.0
2025-06-20 10:12:53.0,RELIANCE,2458.67,653.0
2025-06-20 10:12:54.0,RELIANCE,2463.4,360.0
2025-06-20 10:12:55.0,RELIANCE,2590.65,487.0
2025-06-20 10:12:56.0,RELIANCE,2549.18,556.0
2025-06-20 10:12:57.0,RELIANCE,2564.17,736.0
2025-06-20 10:12:58.0,RELIANCE,2567.26,859.0
2025-06-20 10:12:59.0,RELIANCE,2407.9,473.0
2025-06-20 10:13:00.0,RELIANCE,2414.49,936.0
2025-06-20 10:13:01.0,RELIANCE,2464.1,224.0
2025-06-20 10:13:02.0,RELIANCE,2441.79,839.0
2025-06-20 10:13:03.0,RELIANCE,2507.07,170.0
2025-06-20 10:13:04.0,RELIANCE,2506.02,142.0
2025-06-20 10:13:05.0,RELIANCE,2457.35,247.0
2025-06-20 10:13:06.0,RELIANCE,2595.79,333.0
2025-06-20 10:13:07.0,RELIANCE,2586.32,109.0
2025-06-20 10:13:08.0,RELIANCE,2560.56,519.0
2025-06-20 10:13:09.0,RELIANCE,2544.07,791.0
2025-06-20 10:13:10.0,RELIANCE,2442.44,307.0
2025-06-20 10:13:11.0,RELIANCE,2571.66,993.0
2025-06-20 10:13:12.0,RELIANCE,2588.9,180.0
2025-06-20 10:13:13.0,RELIANCE,2529.21,327.0
2025-06-20 10:13:14.0,RELIANCE,2454.73,296.0
2025-06-20 10:13:15.0,RELIANCE,2407.7,681.0
2025-06-20 10:13:16.0,RELIANCE,2482.52,514.0
2025-06-20 10:13:17.0,RELIANCE,2540.28,495.0
2025-06-20 10:13:18.0,RELIANCE,2548.03,467.0
2025-06-20 10:13:19.0,RELIANCE,2491.35,818.0
2025-06-20 10:13:20.0,RELIANCE,2465.75,950.0
2025-06-20 10:13:21.0,RELIANCE,2441.09,363.0
2025-06-20 10:13:22.0,RELIANCE,2455.84,977.0
2025-06-20 10:13:23.0,RELIANCE,2422.3,883.0
2025-06-20 10:13:24.0,RELIANCE,2465.82,633.0
2025-06-20 10:13:25.0,RELIANCE,2579.21,247.0
2025-06-20 10:13:26.0,RELIANCE,2530.42,920.0
2025-06-20 10:13:27.0,RELIANCE,2521.03,191.0
2025-06-20 10:13:28.0,RELIANCE,2540.31,870.0
2025-06-20 10:13:29.0,RELIANCE,2402.07,223.0
2025-06-20 10:13:30.0,RELIANCE,2428.03,400.0
2025-06-20 10:13:31.0,RELIANCE,2404.06,210.0
2025-06-20 10:13:32.0,RELIANCE,2444.75,817.0
2025-06-20 10:13:33.0,RELIANCE,2582.33,885.0
2025-06-20 10:13:34.0,RELIANCE,2537.9,618.0
2025-06-20 10:13:35.0,RELIANCE,2485.64,492.0
2025-06-20 10:13:36.0,RELIANCE,2438.99,367.0
2025-06-20 10:13:37.0,RELIANCE,2580.91,439.0
2025-06-20 10:13:38.0,RELIANCE,2416.05,939.0
2025-06-20 10:13:39.0,RELIANCE,2464.9,440.0
2025-06-20 10:13:40.0,RELIANCE,2471.12,327.0
2025-06-20 10:13:41.0,RELIANCE,2591.2,573.0
2025-06-20 10:13:42.0,RELIANCE,2413.07,121.0
2025-06-20 10:13:43.0,RELIANCE,2493.29,245.0
2025-06-20 10:13:44.0,RELIANCE,2459.64,479.0
2025-06-20 10:13:45.0,RELIANCE,2406.5,608.0
2025-06-20 10:13:46.0,RELIANCE,2440.78,769.0
2025-06-20 10:13:47.0,RELIANCE,2483.22,783.0
2025-06-20 10:13:48.0,RELIANCE,2444.29,229.0
2025-06-20 10:13:49.0,RELIANCE,2417.02,871.0
2025-06-20 10:13:50.0,RELIANCE,2495.64,881.0
2025-06-20 10:13:51.0,RELIANCE,2483.09,315.0
2025-06-20 10:13:52.0,RELIANCE,2530.77,389.0
2025-06-20 10:13:53.0,RELIANCE,2589.03,146.0
2025-06-20 10:13:54.0,RELIANCE,2446.05,942.0
2025-06-20 10:13:55.0,RELIANCE,2484.23,589.0
2025-06-20 10:13:56.0,RELIANCE,2553.95,457.0
2025-06-20 10:13:57.0,RELIANCE,2523.25,276.0
2025-06-20 10:13:58.0,RELIANCE,2516.56,323.0
2025-06-20 10:13:59.0,RELIANCE,2539.14,353.0
2025-06-20 10:14:00.0,RELIANCE,2597.74,365.0
2025-06-20 10:14:01.0,RELIANCE,2541.43,110.0
2025-06-20 10:14:02.0,RELIANCE,2473.88,637.0
2025-06-20 10:14:03.0,RELIANCE,2431.83,591.0
2025-06-20 10:14:04.0,RELIANCE,2542.83,300.0
2025-06-20 10:14:05.0,RELIANCE,2501.35,196.0
2025-06-20 10:14:06.0,RELIANCE,2495.96,939.0
2025-06-20 10:14:07.0,RELIANCE,2575.08,292.0
2025-06-20 10:14:08.0,RELIANCE,2456.02,207.0
2025-06-20 10:14:09.0,RELIANCE,2564.61,549.0
2025-06-20 10:14:10.0,RELIANCE,2432.2,383.0
2025-06-20 10:14:11.0,RELIANCE,2439.52,963.0
2025-06-20 10:14:12.0,RELIANCE,2519.65,585.0
2025-06-20 10:14:13.0,RELIANCE,2531.29,962.0
2025-06-20 10:14:14.0,RELIANCE,2534.51,507.0
2025-06-20 10:14:15.0,RELIANCE,2571.6,303.0
2025-06-20 10:14:16.0,RELIANCE,2471.14,440.0
2025-06-20 10:14:17.0,RELIANCE,2560.56,160.0
2025-06-20 10:14:18.0,RELIANCE,2595.92,941.0
2025-06-20 10:14:19.0,RELIANCE,2498.33,969.0
2025-06-20 10:14:20.0,RELIANCE,2545.5,903.0
2025-06-20 10:14:21.0,RELIANCE,2556.26,157.0
2025-06-20 10:14:22.0,RELIANCE,2430.05,417.0
2025-06-20 10:14:23.0,RELIANCE,2432.97,680.0
2025-06-20 10:14:24.0,RELIANCE,2538.38,833.0
2025-06-20 10:14:25.0,RELIANCE,2538.61,454.0
2025-06-20 10:14:26.0,RELIANCE,2553.14,346.0
2025-06-20 10:14:27.0,RELIANCE,2456.79,793.0
2025-06-20 10:14:28.0,RELIANCE,2583.43,893.0
2025-06-20 10:14:29.0,RELIANCE,2488.73,468.0
2025-06-20 10:14:30.0,RELIANCE,2421.5,836.0
2025-06-20 10:14:31.0,RELIANCE,2406.33,414.0
2025-06-20 10:14:32.0,RELIANCE,2414.43,899.0
2025-06-20 10:14:33.0,RELIANCE,2563.95,544.0
2025-06-20 10:14:34.0,RELIANCE,2599.59,338.0
2025-06-20 10:14:35.0,RELIANCE,2577.98,870.0
2025-06-20 10:14:36.0,RELIANCE,2581.32,609.0
2025-06-20 10:14:37.0,RELIANCE,2532.59,838.0
2025-06-20 10:14:38.0,RELIANCE,2516.79,171.0
2025-06-20 10:14:39.0,RELIANCE,2493.49,311.0
2025-06-20 10:14:40.0,RELIANCE,2530.19,680.0
2025-06-20 10:14:41.0,RELIANCE,2405.19,567.0
2025-06-20 10:14:42.0,RELIANCE,2575.48,723.0
2025-06-20 10:14:43.0,RELIANCE,2404.85,721.0
2025-06-20 10:14:44.0,RELIANCE,2482.81,487.0
2025-06-20 10:14:45.0,RELIANCE,2588.78,915.0
2025-06-20 10:14:46.0,RELIANCE,2514.72,482.0
2025-06-20 10:14:47.0,RELIANCE,2596.86,713.0
2025-06-20 10:14:48.0,RELIANCE,2564.3,366.0
2025-06-20 10:14:49.0,RELIANCE,2475.85,952.0
2025-06-20 10:14:50.0,RELIANCE,2479.92,356.0
2025-06-20 10:14:51.0,RELIANCE,2597.94,532.0
2025-06-20 10:14:52.0,RELIANCE,2447.59,199.0
2025-06-20 10:14:53.0,RELIANCE,2479.41,792.0
2025-06-20 10:14:54.0,RELIANCE,2446.71,310.0
2025-06-20 10:14:55.0,RELIANCE,2552.61,847.0
2025-06-20 10:14:56.0,RELIANCE,2497.61,949.0
2025-06-20 10:14:57.0,RELIANCE,2489.17,470.0
2025-06-20 10:14:58.0,RELIANCE,2445.34,189.0
2025-06-20 10:14:59.0,RELIANCE,2466.87,375.0
2025-06-20 10:15:00.0,RELIANCE,2577.87,558.0
2025-06-20 10:15:01.0,RELIANCE,2476.68,550.0
2025-06-20 10:15:02.0,RELIANCE,2472.76,478.0
2025-06-20 10:15:03.0,RELIANCE,2499.23,126.0
2025-06-20 10:15:04.0,RELIANCE,2446.63,242.0
2025-06-20 10:15:05.0,RELIANCE,2434.09,951.0
2025-06-20 10:15:06.0,RELIANCE,2451.96,451.0
2025-06-20 10:15:07.0,RELIANCE,2549.42,178.0
2025-06-20 10:15:08.0,RELIANCE,2455.67,160.0
2025-06-20 10:15:09.0,RELIANCE,2441.93,534.0
2025-06-20 10:15:10.0,RELIANCE,2592.93,719.0
2025-06-20 10:15:11.0,RELIANCE,2571.21,291.0
2025-06-20 10:15:12.0,RELIANCE,2442.15,658.0
2025-06-20 10:15:13.0,RELIANCE,2545.73,639.0
2025-06-20 10:15:14.0,RELIANCE,2433.78,937.0
2025-06-20 10:15:15.0,RELIANCE,2563.27,848.0
2025-06-20 10:15:16.0,RELIANCE,2591.8,788.0
2025-06-20 10:15:17.0,RELIANCE,2422.79,857.0
2025-06-20 10:15:18.0,RELIANCE,2445.27,343.0
2025-06-20 10:15:19.0,RELIANCE,2453.74,475.0
2025-06-20 10:15:20.0,RELIANCE,2541.4,506.0
2025-06-20 10:15:21.0,RELIANCE,2549.42,728.0
2025-06-20 10:15:22.0,RELIANCE,2554.55,659.0
2025-06-20 10:15:23.0,RELIANCE,2412.67,838.0
2025-06-20 10:15:24.0,RELIANCE,2508.21,102.0
2025-06-20 10:15:25.0,RELIANCE,2497.99,219.0
2025-06-20 10:15:26.0,RELIANCE,2522.64,694.0
2025-06-20 10:15:27.0,RELIANCE,2588.66,747.0
2025-06-20 10:15:28.0,RELIANCE,2452.25,644.0
2025-06-20 10:15:29.0,RELIANCE,2539.0,326.0
2025-06-20 10:15:30.0,RELIANCE,2431.13,310.0
2025-06-20 10:15:31.0,RELIANCE,2429.44,162.0
2025-06-20 10:15:32.0,RELIANCE,2448.9,546.0
2025-06-20 10:15:33.0,RELIANCE,2569.96,257.0
2025-06-20 10:15:34.0,RELIANCE,2470.35,773.0
2025-06-20 10:15:35.0,RELIANCE,2548.15,865.0
2025-06-20 10:15:36.0,RELIANCE,2572.82,316.0
2025-06-20 10:15:37.0,RELIANCE,2548.59,863.0
2025-06-20 10:15:38.0,RELIANCE,2550.03,659.0
2025-06-20 10:15:39.0,RELIANCE,2494.29,283.0
2025-06-20 10:15:40.0,RELIANCE,2467.17,955.0
2025-06-20 10:15:41.0,RELIANCE,2596.27,844.0
2025-06-20 10:15:42.0,RELIANCE,2558.6,578.0
2025-06-20 10:15:43.0,RELIANCE,2453.48,499.0
2025-06-20 10:15:44.0,RELIANCE,2482.2,575.0
2025-06-20 10:15:45.0,RELIANCE,2433.39,992.0
2025-06-20 10:15:46.0,RELIANCE,2487.57,347.0
2025-06-20 10:15:47.0,RELIANCE,2588.67,822.0
2025-06-20 10:15:48.0,RELIANCE,2592.62,104.0
2025-06-20 10:15:49.0,RELIANCE,2547.55,652.0
2025-06-20 10:15:50.0,RELIANCE,2595.74,308.0
2025-06-20 10:15:51.0,RELIANCE,2591.96,876.0
2025-06-20 10:15:52.0,RELIANCE,2580.16,158.0
2025-06-20 10:15:53.0,RELIANCE,2562.18,119.0
2025-06-20 10:15:54.0,RELIANCE,2577.35,478.0
2025-06-20 10:15:55.0,RELIANCE,2591.69,983.0
2025-06-20 10:15:56.0,RELIANCE,2534.58,922.0
2025-06-20 10:15:57.0,RELIANCE,2416.01,969.0
2025-06-20 10:15:58.0,RELIANCE,2471.05,455.0
2025-06-20 10:15:59.0,RELIANCE,2539.56,737.0
2025-06-20 10:16:00.0,RELIANCE,2599.72,342.0
2025-06-20 10:16:01.0,RELIANCE,2485.61,426.0
2025-06-20 10:16:02.0,RELIANCE,2525.39,209.0
2025-06-20 10:16:03.0,RELIANCE,2594.24,505.0
2025-06-20 10:16:04.0,RELIANCE,2408.41,995.0
2025-06-20 10:16:05.0,RELIANCE,2414.41,537.0
2025-06-20 10:16:06.0,RELIANCE,2488.21,381.0
2025-06-20 10:16:07.0,RELIANCE,2567.65,555.0
2025-06-20 10:16:08.0,RELIANCE,2436.72,154.0
2025-06-20 10:16:09.0,RELIANCE,2486.32,244.0
2025-06-20 10:16:10.0,RELIANCE,2486.05,181.0
2025-06-20 10:16:11.0,RELIANCE,2404.51,938.0
2025-06-20 10:16:12.0,RELIANCE,2408.63,728.0
2025-06-20 10:16:13.0,RELIANCE,2548.71,493.0
2025-06-20 10:16:14.0,RELIANCE,2509.21,294.0
2025-06-20 10:16:15.0,RELIANCE,2407.22,450.0
2025-06-20 10:16:16.0,RELIANCE,2423.6,915.0
2025-06-20 10:16:17.0,RELIANCE,2451.84,559.0
2025-06-20 10:16:18.0,RELIANCE,2494.85,725.0
2025-06-20 10:16:19.0,RELIANCE,2598.26,862.0
2025-06-20 10:16:20.0,RELIANCE,2461.57,195.0
2025-06-20 10:16:21.0,RELIANCE,2577.25,833.0
2025-06-20 10:16:22.0,RELIANCE,2453.21,834.0
2025-06-20 10:16:23.0,RELIANCE,2402.74,857.0
2025-06-20 10:16:24.0,RELIANCE,2495.82,531.0
2025-06-20 10:16:25.0,RELIANCE,2517.45,905.0
2025-06-20 10:16:26.0,RELIANCE,2503.81,299.0
2025-06-20 10:16:27.0,RELIANCE,2473.37,582.0
2025-06-20 10:16:28.0,RELIANCE,2530.86,679.0
2025-06-20 10:16:29.0,RELIANCE,2520.99,227.0
2025-06-20 10:16:30.0,RELIANCE,2427.46,350.0
2025-06-20 10:16:31.0,RELIANCE,2555.97,452.0
2025-06-20 10:16:32.0,RELIANCE,2468.15,111.0
2025-06-20 10:16:33.0,RELIANCE,2475.78,296.0
2025-06-20 10:16:34.0,RELIANCE,2505.11,670.0
2025-06-20 10:16:35.0,RELIANCE,2524.24,179.0
2025-06-20 10:16:36.0,RELIANCE,2534.06,451.0
2025-06-20 10:16:37.0,RELIANCE,2431.08,673.0
2025-06-20 10:16:38.0,RELIANCE,2501.42,968.0
2025-06-20 10:16:39.0,RELIANCE,2597.31,379.0
