Timestamp,Symbol,Price,Volume
2025-06-20 10:00:00.0,SBIN,515.53,431.0
2025-06-20 10:00:01.0,SBIN,579.11,902.0
2025-06-20 10:00:02.0,SBIN,576.42,323.0
2025-06-20 10:00:03.0,SBIN,546.72,941.0
2025-06-20 10:00:04.0,SBIN,548.74,341.0
2025-06-20 10:00:05.0,SBIN,581.41,464.0
2025-06-20 10:00:06.0,SBIN,562.65,943.0
2025-06-20 10:00:07.0,SBIN,538.57,876.0
2025-06-20 10:00:08.0,SBIN,599.98,613.0
2025-06-20 10:00:09.0,SBIN,535.62,685.0
2025-06-20 10:00:10.0,SBIN,541.27,769.0
2025-06-20 10:00:11.0,SBIN,515.65,905.0
2025-06-20 10:00:12.0,SBIN,537.93,723.0
2025-06-20 10:00:13.0,SBIN,595.26,187.0
2025-06-20 10:00:14.0,SBIN,512.43,103.0
2025-06-20 10:00:15.0,SBIN,596.52,620.0
2025-06-20 10:00:16.0,SBIN,514.18,709.0
2025-06-20 10:00:17.0,SBIN,593.64,880.0
2025-06-20 10:00:18.0,SBIN,505.69,592.0
2025-06-20 10:00:19.0,SBIN,532.22,230.0
2025-06-20 10:00:20.0,SBIN,514.82,926.0
2025-06-20 10:00:21.0,SBIN,537.63,423.0
2025-06-20 10:00:22.0,SBIN,533.86,583.0
2025-06-20 10:00:23.0,SBIN,505.4,1000.0
2025-06-20 10:00:24.0,SBIN,570.06,252.0
2025-06-20 10:00:25.0,SBIN,518.26,294.0
2025-06-20 10:00:26.0,SBIN,517.17,963.0
2025-06-20 10:00:27.0,SBIN,544.93,665.0
2025-06-20 10:00:28.0,SBIN,519.64,192.0
2025-06-20 10:00:29.0,SBIN,554.65,783.0
2025-06-20 10:00:30.0,SBIN,510.02,644.0
2025-06-20 10:00:31.0,SBIN,501.29,350.0
2025-06-20 10:00:32.0,SBIN,515.05,334.0
2025-06-20 10:00:33.0,SBIN,547.17,524.0
2025-06-20 10:00:34.0,SBIN,534.27,817.0
2025-06-20 10:00:35.0,SBIN,588.41,104.0
2025-06-20 10:00:36.0,SBIN,506.2,274.0
2025-06-20 10:00:37.0,SBIN,558.66,123.0
2025-06-20 10:00:38.0,SBIN,527.54,686.0
2025-06-20 10:00:39.0,SBIN,554.12,108.0
2025-06-20 10:00:40.0,SBIN,553.71,397.0
2025-06-20 10:00:41.0,SBIN,571.08,618.0
2025-06-20 10:00:42.0,SBIN,501.46,973.0
2025-06-20 10:00:43.0,SBIN,518.49,470.0
2025-06-20 10:00:44.0,SBIN,505.66,246.0
2025-06-20 10:00:45.0,SBIN,548.1,192.0
2025-06-20 10:00:46.0,SBIN,546.22,725.0
2025-06-20 10:00:47.0,SBIN,521.63,631.0
2025-06-20 10:00:48.0,SBIN,572.33,510.0
2025-06-20 10:00:49.0,SBIN,557.01,710.0
2025-06-20 10:00:50.0,SBIN,502.35,163.0
2025-06-20 10:00:51.0,SBIN,558.73,108.0
2025-06-20 10:00:52.0,SBIN,527.08,790.0
2025-06-20 10:00:53.0,SBIN,578.0,254.0
2025-06-20 10:00:54.0,SBIN,586.62,362.0
2025-06-20 10:00:55.0,SBIN,513.29,144.0
2025-06-20 10:00:56.0,SBIN,512.98,839.0
2025-06-20 10:00:57.0,SBIN,558.45,539.0
2025-06-20 10:00:58.0,SBIN,528.97,581.0
2025-06-20 10:00:59.0,SBIN,550.4,919.0
2025-06-20 10:01:00.0,SBIN,563.51,305.0
2025-06-20 10:01:01.0,SBIN,549.28,251.0
2025-06-20 10:01:02.0,SBIN,551.05,581.0
2025-06-20 10:01:03.0,SBIN,505.33,826.0
2025-06-20 10:01:04.0,SBIN,503.22,844.0
2025-06-20 10:01:05.0,SBIN,553.87,565.0
2025-06-20 10:01:06.0,SBIN,519.69,339.0
2025-06-20 10:01:07.0,SBIN,582.16,417.0
2025-06-20 10:01:08.0,SBIN,551.11,419.0
2025-06-20 10:01:09.0,SBIN,516.26,331.0
2025-06-20 10:01:10.0,SBIN,551.2,720.0
2025-06-20 10:01:11.0,SBIN,523.66,844.0
2025-06-20 10:01:12.0,SBIN,522.86,635.0
2025-06-20 10:01:13.0,SBIN,570.17,939.0
2025-06-20 10:01:14.0,SBIN,541.28,975.0
2025-06-20 10:01:15.0,SBIN,500.16,206.0
2025-06-20 10:01:16.0,SBIN,530.44,400.0
2025-06-20 10:01:17.0,SBIN,525.47,361.0
2025-06-20 10:01:18.0,SBIN,527.1,181.0
2025-06-20 10:01:19.0,SBIN,525.03,939.0
2025-06-20 10:01:20.0,SBIN,581.8,475.0
2025-06-20 10:01:21.0,SBIN,575.99,220.0
2025-06-20 10:01:22.0,SBIN,503.71,565.0
2025-06-20 10:01:23.0,SBIN,514.41,155.0
2025-06-20 10:01:24.0,SBIN,523.7,468.0
2025-06-20 10:01:25.0,SBIN,513.02,650.0
2025-06-20 10:01:26.0,SBIN,514.92,269.0
2025-06-20 10:01:27.0,SBIN,511.62,499.0
2025-06-20 10:01:28.0,SBIN,509.89,147.0
2025-06-20 10:01:29.0,SBIN,580.16,522.0
2025-06-20 10:01:30.0,SBIN,547.25,868.0
2025-06-20 10:01:31.0,SBIN,590.09,540.0
2025-06-20 10:01:32.0,SBIN,501.11,181.0
2025-06-20 10:01:33.0,SBIN,542.18,175.0
2025-06-20 10:01:34.0,SBIN,536.06,532.0
2025-06-20 10:01:35.0,SBIN,530.22,214.0
2025-06-20 10:01:36.0,SBIN,516.53,650.0
2025-06-20 10:01:37.0,SBIN,589.95,979.0
2025-06-20 10:01:38.0,SBIN,513.66,690.0
2025-06-20 10:01:39.0,SBIN,567.44,430.0
2025-06-20 10:01:40.0,SBIN,538.57,625.0
2025-06-20 10:01:41.0,SBIN,508.31,819.0
2025-06-20 10:01:42.0,SBIN,520.04,599.0
2025-06-20 10:01:43.0,SBIN,505.61,302.0
2025-06-20 10:01:44.0,SBIN,524.11,838.0
2025-06-20 10:01:45.0,SBIN,548.77,903.0
2025-06-20 10:01:46.0,SBIN,552.0,226.0
2025-06-20 10:01:47.0,SBIN,537.78,192.0
2025-06-20 10:01:48.0,SBIN,512.65,941.0
2025-06-20 10:01:49.0,SBIN,575.82,472.0
2025-06-20 10:01:50.0,SBIN,536.55,170.0
2025-06-20 10:01:51.0,SBIN,515.1,791.0
2025-06-20 10:01:52.0,SBIN,510.0,641.0
2025-06-20 10:01:53.0,SBIN,551.73,209.0
2025-06-20 10:01:54.0,SBIN,505.8,670.0
2025-06-20 10:01:55.0,SBIN,501.34,305.0
2025-06-20 10:01:56.0,SBIN,522.07,872.0
2025-06-20 10:01:57.0,SBIN,563.71,155.0
2025-06-20 10:01:58.0,SBIN,576.29,190.0
2025-06-20 10:01:59.0,SBIN,508.76,489.0
2025-06-20 10:02:00.0,SBIN,571.77,457.0
2025-06-20 10:02:01.0,SBIN,543.39,501.0
2025-06-20 10:02:02.0,SBIN,527.2,393.0
2025-06-20 10:02:03.0,SBIN,521.49,452.0
2025-06-20 10:02:04.0,SBIN,529.12,595.0
2025-06-20 10:02:05.0,SBIN,542.55,218.0
2025-06-20 10:02:06.0,SBIN,509.21,626.0
2025-06-20 10:02:07.0,SBIN,511.91,928.0
2025-06-20 10:02:08.0,SBIN,530.68,602.0
2025-06-20 10:02:09.0,SBIN,518.34,659.0
2025-06-20 10:02:10.0,SBIN,547.06,393.0
2025-06-20 10:02:11.0,SBIN,545.18,170.0
2025-06-20 10:02:12.0,SBIN,539.03,972.0
2025-06-20 10:02:13.0,SBIN,565.35,237.0
2025-06-20 10:02:14.0,SBIN,597.61,567.0
2025-06-20 10:02:15.0,SBIN,537.31,881.0
2025-06-20 10:02:16.0,SBIN,581.29,580.0
2025-06-20 10:02:17.0,SBIN,551.32,126.0
2025-06-20 10:02:18.0,SBIN,594.32,276.0
2025-06-20 10:02:19.0,SBIN,525.59,786.0
2025-06-20 10:02:20.0,SBIN,572.37,479.0
2025-06-20 10:02:21.0,SBIN,588.87,809.0
2025-06-20 10:02:22.0,SBIN,527.67,414.0
2025-06-20 10:02:23.0,SBIN,567.87,857.0
2025-06-20 10:02:24.0,SBIN,542.89,599.0
2025-06-20 10:02:25.0,SBIN,504.56,234.0
2025-06-20 10:02:26.0,SBIN,531.33,893.0
2025-06-20 10:02:27.0,SBIN,587.47,236.0
2025-06-20 10:02:28.0,SBIN,529.43,854.0
2025-06-20 10:02:29.0,SBIN,587.97,207.0
2025-06-20 10:02:30.0,SBIN,571.17,140.0
2025-06-20 10:02:31.0,SBIN,575.08,330.0
2025-06-20 10:02:32.0,SBIN,596.07,547.0
2025-06-20 10:02:33.0,SBIN,520.72,498.0
2025-06-20 10:02:34.0,SBIN,502.68,960.0
2025-06-20 10:02:35.0,SBIN,522.43,549.0
2025-06-20 10:02:36.0,SBIN,517.4,514.0
2025-06-20 10:02:37.0,SBIN,556.1,153.0
2025-06-20 10:02:38.0,SBIN,524.38,289.0
2025-06-20 10:02:39.0,SBIN,535.54,327.0
2025-06-20 10:02:40.0,SBIN,599.36,381.0
2025-06-20 10:02:41.0,SBIN,555.97,436.0
2025-06-20 10:02:42.0,SBIN,596.97,101.0
2025-06-20 10:02:43.0,SBIN,567.88,725.0
2025-06-20 10:02:44.0,SBIN,508.68,618.0
2025-06-20 10:02:45.0,SBIN,563.58,258.0
2025-06-20 10:02:46.0,SBIN,503.42,584.0
2025-06-20 10:02:47.0,SBIN,591.71,449.0
2025-06-20 10:02:48.0,SBIN,579.32,510.0
2025-06-20 10:02:49.0,SBIN,567.04,714.0
2025-06-20 10:02:50.0,SBIN,578.26,831.0
2025-06-20 10:02:51.0,SBIN,528.26,788.0
2025-06-20 10:02:52.0,SBIN,515.22,505.0
2025-06-20 10:02:53.0,SBIN,568.31,725.0
2025-06-20 10:02:54.0,SBIN,534.57,428.0
2025-06-20 10:02:55.0,SBIN,512.48,321.0
2025-06-20 10:02:56.0,SBIN,535.31,654.0
2025-06-20 10:02:57.0,SBIN,551.14,849.0
2025-06-20 10:02:58.0,SBIN,566.74,812.0
2025-06-20 10:02:59.0,SBIN,546.6,429.0
2025-06-20 10:03:00.0,SBIN,550.1,444.0
2025-06-20 10:03:01.0,SBIN,515.68,288.0
2025-06-20 10:03:02.0,SBIN,510.65,749.0
2025-06-20 10:03:03.0,SBIN,503.24,962.0
2025-06-20 10:03:04.0,SBIN,542.26,948.0
2025-06-20 10:03:05.0,SBIN,533.23,338.0
2025-06-20 10:03:06.0,SBIN,544.33,698.0
2025-06-20 10:03:07.0,SBIN,565.11,778.0
2025-06-20 10:03:08.0,SBIN,561.56,397.0
2025-06-20 10:03:09.0,SBIN,595.17,832.0
2025-06-20 10:03:10.0,SBIN,555.16,198.0
2025-06-20 10:03:11.0,SBIN,505.73,757.0
2025-06-20 10:03:12.0,SBIN,554.82,831.0
2025-06-20 10:03:13.0,SBIN,571.02,358.0
2025-06-20 10:03:14.0,SBIN,536.38,105.0
2025-06-20 10:03:15.0,SBIN,514.84,989.0
2025-06-20 10:03:16.0,SBIN,572.86,324.0
2025-06-20 10:03:17.0,SBIN,589.65,616.0
2025-06-20 10:03:18.0,SBIN,531.34,617.0
2025-06-20 10:03:19.0,SBIN,537.36,316.0
2025-06-20 10:03:20.0,SBIN,551.02,239.0
2025-06-20 10:03:21.0,SBIN,521.79,532.0
2025-06-20 10:03:22.0,SBIN,541.06,259.0
2025-06-20 10:03:23.0,SBIN,571.85,889.0
2025-06-20 10:03:24.0,SBIN,535.7,379.0
2025-06-20 10:03:25.0,SBIN,529.95,151.0
2025-06-20 10:03:26.0,SBIN,577.26,388.0
2025-06-20 10:03:27.0,SBIN,537.84,434.0
2025-06-20 10:03:28.0,SBIN,527.92,863.0
2025-06-20 10:03:29.0,SBIN,585.79,971.0
2025-06-20 10:03:30.0,SBIN,553.97,300.0
2025-06-20 10:03:31.0,SBIN,598.4,549.0
2025-06-20 10:03:32.0,SBIN,525.81,480.0
2025-06-20 10:03:33.0,SBIN,534.11,397.0
2025-06-20 10:03:34.0,SBIN,549.34,784.0
2025-06-20 10:03:35.0,SBIN,507.86,485.0
2025-06-20 10:03:36.0,SBIN,549.48,152.0
2025-06-20 10:03:37.0,SBIN,526.95,614.0
2025-06-20 10:03:38.0,SBIN,575.61,769.0
2025-06-20 10:03:39.0,SBIN,504.91,482.0
2025-06-20 10:03:40.0,SBIN,548.32,319.0
2025-06-20 10:03:41.0,SBIN,548.56,175.0
2025-06-20 10:03:42.0,SBIN,505.02,306.0
2025-06-20 10:03:43.0,SBIN,537.68,781.0
2025-06-20 10:03:44.0,SBIN,519.13,690.0
2025-06-20 10:03:45.0,SBIN,577.31,509.0
2025-06-20 10:03:46.0,SBIN,514.71,288.0
2025-06-20 10:03:47.0,SBIN,544.32,171.0
2025-06-20 10:03:48.0,SBIN,560.53,963.0
2025-06-20 10:03:49.0,SBIN,535.24,295.0
2025-06-20 10:03:50.0,SBIN,558.92,514.0
2025-06-20 10:03:51.0,SBIN,539.57,579.0
2025-06-20 10:03:52.0,SBIN,524.26,803.0
2025-06-20 10:03:53.0,SBIN,541.65,255.0
2025-06-20 10:03:54.0,SBIN,597.56,581.0
2025-06-20 10:03:55.0,SBIN,560.49,654.0
2025-06-20 10:03:56.0,SBIN,500.29,881.0
2025-06-20 10:03:57.0,SBIN,572.87,927.0
2025-06-20 10:03:58.0,SBIN,593.07,731.0
2025-06-20 10:03:59.0,SBIN,575.32,345.0
2025-06-20 10:04:00.0,SBIN,562.64,123.0
2025-06-20 10:04:01.0,SBIN,583.34,783.0
2025-06-20 10:04:02.0,SBIN,567.88,622.0
2025-06-20 10:04:03.0,SBIN,595.44,471.0
2025-06-20 10:04:04.0,SBIN,530.6,644.0
2025-06-20 10:04:05.0,SBIN,584.26,791.0
2025-06-20 10:04:06.0,SBIN,519.77,444.0
2025-06-20 10:04:07.0,SBIN,523.65,573.0
2025-06-20 10:04:08.0,SBIN,558.42,711.0
2025-06-20 10:04:09.0,SBIN,555.72,610.0
2025-06-20 10:04:10.0,SBIN,500.56,957.0
2025-06-20 10:04:11.0,SBIN,571.18,768.0
2025-06-20 10:04:12.0,SBIN,500.29,323.0
2025-06-20 10:04:13.0,SBIN,560.46,431.0
2025-06-20 10:04:14.0,SBIN,563.1,247.0
2025-06-20 10:04:15.0,SBIN,507.27,480.0
2025-06-20 10:04:16.0,SBIN,519.27,300.0
2025-06-20 10:04:17.0,SBIN,534.71,503.0
2025-06-20 10:04:18.0,SBIN,571.47,634.0
2025-06-20 10:04:19.0,SBIN,541.07,984.0
2025-06-20 10:04:20.0,SBIN,565.07,319.0
2025-06-20 10:04:21.0,SBIN,512.12,945.0
2025-06-20 10:04:22.0,SBIN,542.89,298.0
2025-06-20 10:04:23.0,SBIN,500.27,318.0
2025-06-20 10:04:24.0,SBIN,560.8,544.0
2025-06-20 10:04:25.0,SBIN,519.66,806.0
2025-06-20 10:04:26.0,SBIN,545.81,919.0
2025-06-20 10:04:27.0,SBIN,540.08,514.0
2025-06-20 10:04:28.0,SBIN,541.9,710.0
2025-06-20 10:04:29.0,SBIN,554.66,827.0
2025-06-20 10:04:30.0,SBIN,581.8,111.0
2025-06-20 10:04:31.0,SBIN,522.03,885.0
2025-06-20 10:04:32.0,SBIN,550.62,114.0
2025-06-20 10:04:33.0,SBIN,533.49,535.0
2025-06-20 10:04:34.0,SBIN,529.29,590.0
2025-06-20 10:04:35.0,SBIN,572.39,538.0
2025-06-20 10:04:36.0,SBIN,526.79,755.0
2025-06-20 10:04:37.0,SBIN,547.45,230.0
2025-06-20 10:04:38.0,SBIN,510.78,227.0
2025-06-20 10:04:39.0,SBIN,545.52,973.0
2025-06-20 10:04:40.0,SBIN,520.28,297.0
2025-06-20 10:04:41.0,SBIN,598.9,850.0
2025-06-20 10:04:42.0,SBIN,536.97,855.0
2025-06-20 10:04:43.0,SBIN,543.55,838.0
2025-06-20 10:04:44.0,SBIN,511.19,491.0
2025-06-20 10:04:45.0,SBIN,557.79,401.0
2025-06-20 10:04:46.0,SBIN,514.26,234.0
2025-06-20 10:04:47.0,SBIN,504.08,500.0
2025-06-20 10:04:48.0,SBIN,507.54,345.0
2025-06-20 10:04:49.0,SBIN,597.38,217.0
2025-06-20 10:04:50.0,SBIN,552.04,170.0
2025-06-20 10:04:51.0,SBIN,562.78,996.0
2025-06-20 10:04:52.0,SBIN,563.11,124.0
2025-06-20 10:04:53.0,SBIN,527.41,777.0
2025-06-20 10:04:54.0,SBIN,512.51,255.0
2025-06-20 10:04:55.0,SBIN,520.34,371.0
2025-06-20 10:04:56.0,SBIN,541.6,930.0
2025-06-20 10:04:57.0,SBIN,532.62,325.0
2025-06-20 10:04:58.0,SBIN,544.1,542.0
2025-06-20 10:04:59.0,SBIN,527.89,952.0
2025-06-20 10:05:00.0,SBIN,508.88,394.0
2025-06-20 10:05:01.0,SBIN,531.3,412.0
2025-06-20 10:05:02.0,SBIN,590.23,783.0
2025-06-20 10:05:03.0,SBIN,582.72,194.0
2025-06-20 10:05:04.0,SBIN,512.2,1000.0
2025-06-20 10:05:05.0,SBIN,525.14,587.0
2025-06-20 10:05:06.0,SBIN,544.67,887.0
2025-06-20 10:05:07.0,SBIN,508.08,620.0
2025-06-20 10:05:08.0,SBIN,528.6,827.0
2025-06-20 10:05:09.0,SBIN,509.23,939.0
2025-06-20 10:05:10.0,SBIN,528.49,916.0
2025-06-20 10:05:11.0,SBIN,533.58,305.0
2025-06-20 10:05:12.0,SBIN,589.28,866.0
2025-06-20 10:05:13.0,SBIN,521.03,829.0
2025-06-20 10:05:14.0,SBIN,559.07,137.0
2025-06-20 10:05:15.0,SBIN,502.71,719.0
2025-06-20 10:05:16.0,SBIN,515.92,892.0
2025-06-20 10:05:17.0,SBIN,564.97,176.0
2025-06-20 10:05:18.0,SBIN,539.71,389.0
2025-06-20 10:05:19.0,SBIN,561.36,946.0
2025-06-20 10:05:20.0,SBIN,561.99,929.0
2025-06-20 10:05:21.0,SBIN,511.34,778.0
2025-06-20 10:05:22.0,SBIN,555.63,280.0
2025-06-20 10:05:23.0,SBIN,527.42,276.0
2025-06-20 10:05:24.0,SBIN,593.89,125.0
2025-06-20 10:05:25.0,SBIN,516.32,109.0
2025-06-20 10:05:26.0,SBIN,551.53,401.0
2025-06-20 10:05:27.0,SBIN,596.59,654.0
2025-06-20 10:05:28.0,SBIN,529.98,204.0
2025-06-20 10:05:29.0,SBIN,577.47,798.0
2025-06-20 10:05:30.0,SBIN,543.36,634.0
2025-06-20 10:05:31.0,SBIN,549.24,582.0
2025-06-20 10:05:32.0,SBIN,513.68,338.0
2025-06-20 10:05:33.0,SBIN,551.98,910.0
2025-06-20 10:05:34.0,SBIN,518.17,332.0
2025-06-20 10:05:35.0,SBIN,538.89,826.0
2025-06-20 10:05:36.0,SBIN,532.79,899.0
2025-06-20 10:05:37.0,SBIN,547.28,746.0
2025-06-20 10:05:38.0,SBIN,515.11,889.0
2025-06-20 10:05:39.0,SBIN,568.56,429.0
2025-06-20 10:05:40.0,SBIN,590.95,191.0
2025-06-20 10:05:41.0,SBIN,529.54,369.0
2025-06-20 10:05:42.0,SBIN,575.32,183.0
2025-06-20 10:05:43.0,SBIN,541.06,523.0
2025-06-20 10:05:44.0,SBIN,583.73,496.0
2025-06-20 10:05:45.0,SBIN,501.16,942.0
2025-06-20 10:05:46.0,SBIN,515.89,349.0
2025-06-20 10:05:47.0,SBIN,550.17,125.0
2025-06-20 10:05:48.0,SBIN,573.36,429.0
2025-06-20 10:05:49.0,SBIN,579.29,137.0
2025-06-20 10:05:50.0,SBIN,571.52,528.0
2025-06-20 10:05:51.0,SBIN,556.57,667.0
2025-06-20 10:05:52.0,SBIN,572.2,460.0
2025-06-20 10:05:53.0,SBIN,599.6,220.0
2025-06-20 10:05:54.0,SBIN,538.35,428.0
2025-06-20 10:05:55.0,SBIN,562.55,322.0
2025-06-20 10:05:56.0,SBIN,517.56,159.0
2025-06-20 10:05:57.0,SBIN,569.73,526.0
2025-06-20 10:05:58.0,SBIN,528.36,600.0
2025-06-20 10:05:59.0,SBIN,511.62,958.0
2025-06-20 10:06:00.0,SBIN,546.72,389.0
2025-06-20 10:06:01.0,SBIN,512.13,921.0
2025-06-20 10:06:02.0,SBIN,502.37,199.0
2025-06-20 10:06:03.0,SBIN,593.17,700.0
2025-06-20 10:06:04.0,SBIN,580.91,896.0
2025-06-20 10:06:05.0,SBIN,518.2,203.0
2025-06-20 10:06:06.0,SBIN,531.59,367.0
2025-06-20 10:06:07.0,SBIN,504.66,359.0
2025-06-20 10:06:08.0,SBIN,556.51,621.0
2025-06-20 10:06:09.0,SBIN,518.78,514.0
2025-06-20 10:06:10.0,SBIN,581.57,242.0
2025-06-20 10:06:11.0,SBIN,554.42,110.0
2025-06-20 10:06:12.0,SBIN,579.01,541.0
2025-06-20 10:06:13.0,SBIN,516.36,468.0
2025-06-20 10:06:14.0,SBIN,517.4,990.0
2025-06-20 10:06:15.0,SBIN,577.85,113.0
2025-06-20 10:06:16.0,SBIN,500.87,197.0
2025-06-20 10:06:17.0,SBIN,508.16,843.0
2025-06-20 10:06:18.0,SBIN,572.48,184.0
2025-06-20 10:06:19.0,SBIN,514.94,761.0
2025-06-20 10:06:20.0,SBIN,508.87,537.0
2025-06-20 10:06:21.0,SBIN,561.16,120.0
2025-06-20 10:06:22.0,SBIN,573.68,413.0
2025-06-20 10:06:23.0,SBIN,564.8,419.0
2025-06-20 10:06:24.0,SBIN,585.3,140.0
2025-06-20 10:06:25.0,SBIN,581.8,507.0
2025-06-20 10:06:26.0,SBIN,587.59,179.0
2025-06-20 10:06:27.0,SBIN,588.47,560.0
2025-06-20 10:06:28.0,SBIN,550.84,514.0
2025-06-20 10:06:29.0,SBIN,530.57,446.0
2025-06-20 10:06:30.0,SBIN,599.21,908.0
2025-06-20 10:06:31.0,SBIN,531.69,260.0
2025-06-20 10:06:32.0,SBIN,504.95,698.0
2025-06-20 10:06:33.0,SBIN,525.34,861.0
2025-06-20 10:06:34.0,SBIN,594.08,401.0
2025-06-20 10:06:35.0,SBIN,505.72,360.0
2025-06-20 10:06:36.0,SBIN,554.29,989.0
2025-06-20 10:06:37.0,SBIN,582.7,902.0
2025-06-20 10:06:38.0,SBIN,598.94,927.0
2025-06-20 10:06:39.0,SBIN,574.8,363.0
2025-06-20 10:06:40.0,SBIN,515.12,776.0
2025-06-20 10:06:41.0,SBIN,550.65,253.0
2025-06-20 10:06:42.0,SBIN,562.9,740.0
2025-06-20 10:06:43.0,SBIN,589.23,318.0
2025-06-20 10:06:44.0,SBIN,529.97,690.0
2025-06-20 10:06:45.0,SBIN,557.92,666.0
2025-06-20 10:06:46.0,SBIN,570.74,265.0
2025-06-20 10:06:47.0,SBIN,523.04,470.0
2025-06-20 10:06:48.0,SBIN,572.7,473.0
2025-06-20 10:06:49.0,SBIN,587.88,938.0
2025-06-20 10:06:50.0,SBIN,524.39,272.0
2025-06-20 10:06:51.0,SBIN,505.68,330.0
2025-06-20 10:06:52.0,SBIN,510.46,599.0
2025-06-20 10:06:53.0,SBIN,590.48,749.0
2025-06-20 10:06:54.0,SBIN,529.04,447.0
2025-06-20 10:06:55.0,SBIN,568.44,925.0
2025-06-20 10:06:56.0,SBIN,594.36,573.0
2025-06-20 10:06:57.0,SBIN,571.21,136.0
2025-06-20 10:06:58.0,SBIN,563.78,918.0
2025-06-20 10:06:59.0,SBIN,571.34,926.0
2025-06-20 10:07:00.0,SBIN,551.74,296.0
2025-06-20 10:07:01.0,SBIN,506.21,392.0
2025-06-20 10:07:02.0,SBIN,512.26,442.0
2025-06-20 10:07:03.0,SBIN,589.16,971.0
2025-06-20 10:07:04.0,SBIN,552.61,762.0
2025-06-20 10:07:05.0,SBIN,502.8,370.0
2025-06-20 10:07:06.0,SBIN,514.04,430.0
2025-06-20 10:07:07.0,SBIN,591.23,769.0
2025-06-20 10:07:08.0,SBIN,594.77,814.0
2025-06-20 10:07:09.0,SBIN,575.46,410.0
2025-06-20 10:07:10.0,SBIN,539.71,817.0
2025-06-20 10:07:11.0,SBIN,523.28,541.0
2025-06-20 10:07:12.0,SBIN,588.74,650.0
2025-06-20 10:07:13.0,SBIN,560.1,691.0
2025-06-20 10:07:14.0,SBIN,537.98,217.0
2025-06-20 10:07:15.0,SBIN,523.36,739.0
2025-06-20 10:07:16.0,SBIN,530.07,687.0
2025-06-20 10:07:17.0,SBIN,589.52,266.0
2025-06-20 10:07:18.0,SBIN,585.45,496.0
2025-06-20 10:07:19.0,SBIN,507.52,237.0
2025-06-20 10:07:20.0,SBIN,548.6,272.0
2025-06-20 10:07:21.0,SBIN,513.3,685.0
2025-06-20 10:07:22.0,SBIN,558.26,797.0
2025-06-20 10:07:23.0,SBIN,519.89,422.0
2025-06-20 10:07:24.0,SBIN,509.26,754.0
2025-06-20 10:07:25.0,SBIN,505.46,806.0
2025-06-20 10:07:26.0,SBIN,500.62,424.0
2025-06-20 10:07:27.0,SBIN,545.57,322.0
2025-06-20 10:07:28.0,SBIN,546.35,910.0
2025-06-20 10:07:29.0,SBIN,539.83,718.0
2025-06-20 10:07:30.0,SBIN,539.09,228.0
2025-06-20 10:07:31.0,SBIN,511.59,474.0
2025-06-20 10:07:32.0,SBIN,546.43,493.0
2025-06-20 10:07:33.0,SBIN,504.65,676.0
2025-06-20 10:07:34.0,SBIN,512.39,743.0
2025-06-20 10:07:35.0,SBIN,599.87,481.0
2025-06-20 10:07:36.0,SBIN,560.31,767.0
2025-06-20 10:07:37.0,SBIN,543.2,375.0
2025-06-20 10:07:38.0,SBIN,578.2,395.0
2025-06-20 10:07:39.0,SBIN,593.82,671.0
2025-06-20 10:07:40.0,SBIN,504.55,289.0
2025-06-20 10:07:41.0,SBIN,544.55,429.0
2025-06-20 10:07:42.0,SBIN,517.97,305.0
2025-06-20 10:07:43.0,SBIN,508.36,739.0
2025-06-20 10:07:44.0,SBIN,519.69,260.0
2025-06-20 10:07:45.0,SBIN,548.18,991.0
2025-06-20 10:07:46.0,SBIN,510.01,634.0
2025-06-20 10:07:47.0,SBIN,558.93,695.0
2025-06-20 10:07:48.0,SBIN,584.23,895.0
2025-06-20 10:07:49.0,SBIN,520.14,901.0
2025-06-20 10:07:50.0,SBIN,539.01,181.0
2025-06-20 10:07:51.0,SBIN,526.77,546.0
2025-06-20 10:07:52.0,SBIN,561.5,597.0
2025-06-20 10:07:53.0,SBIN,509.67,141.0
2025-06-20 10:07:54.0,SBIN,538.26,391.0
2025-06-20 10:07:55.0,SBIN,500.97,397.0
2025-06-20 10:07:56.0,SBIN,509.57,820.0
2025-06-20 10:07:57.0,SBIN,567.35,796.0
2025-06-20 10:07:58.0,SBIN,548.56,918.0
2025-06-20 10:07:59.0,SBIN,584.05,519.0
2025-06-20 10:08:00.0,SBIN,525.33,550.0
2025-06-20 10:08:01.0,SBIN,523.39,358.0
2025-06-20 10:08:02.0,SBIN,571.18,521.0
2025-06-20 10:08:03.0,SBIN,594.36,854.0
2025-06-20 10:08:04.0,SBIN,576.6,456.0
2025-06-20 10:08:05.0,SBIN,535.53,932.0
2025-06-20 10:08:06.0,SBIN,555.36,812.0
2025-06-20 10:08:07.0,SBIN,539.26,752.0
2025-06-20 10:08:08.0,SBIN,565.13,440.0
2025-06-20 10:08:09.0,SBIN,598.87,475.0
2025-06-20 10:08:10.0,SBIN,571.81,345.0
2025-06-20 10:08:11.0,SBIN,500.45,750.0
2025-06-20 10:08:12.0,SBIN,573.18,730.0
2025-06-20 10:08:13.0,SBIN,584.0,711.0
2025-06-20 10:08:14.0,SBIN,555.08,733.0
2025-06-20 10:08:15.0,SBIN,597.72,133.0
2025-06-20 10:08:16.0,SBIN,503.92,584.0
2025-06-20 10:08:17.0,SBIN,523.85,999.0
2025-06-20 10:08:18.0,SBIN,555.72,886.0
2025-06-20 10:08:19.0,SBIN,525.37,741.0
2025-06-20 10:08:20.0,SBIN,546.22,561.0
2025-06-20 10:08:21.0,SBIN,592.56,676.0
2025-06-20 10:08:22.0,SBIN,508.94,728.0
2025-06-20 10:08:23.0,SBIN,579.84,485.0
2025-06-20 10:08:24.0,SBIN,561.75,235.0
2025-06-20 10:08:25.0,SBIN,588.2,262.0
2025-06-20 10:08:26.0,SBIN,550.7,510.0
2025-06-20 10:08:27.0,SBIN,554.0,605.0
2025-06-20 10:08:28.0,SBIN,535.85,354.0
2025-06-20 10:08:29.0,SBIN,514.13,496.0
2025-06-20 10:08:30.0,SBIN,577.22,454.0
2025-06-20 10:08:31.0,SBIN,586.41,398.0
2025-06-20 10:08:32.0,SBIN,583.87,253.0
2025-06-20 10:08:33.0,SBIN,545.34,805.0
2025-06-20 10:08:34.0,SBIN,533.48,508.0
2025-06-20 10:08:35.0,SBIN,552.15,541.0
2025-06-20 10:08:36.0,SBIN,594.47,585.0
2025-06-20 10:08:37.0,SBIN,530.1,811.0
2025-06-20 10:08:38.0,SBIN,585.53,173.0
2025-06-20 10:08:39.0,SBIN,587.46,965.0
2025-06-20 10:08:40.0,SBIN,593.08,298.0
2025-06-20 10:08:41.0,SBIN,509.06,400.0
2025-06-20 10:08:42.0,SBIN,578.87,984.0
2025-06-20 10:08:43.0,SBIN,519.25,133.0
2025-06-20 10:08:44.0,SBIN,523.51,497.0
2025-06-20 10:08:45.0,SBIN,516.5,806.0
2025-06-20 10:08:46.0,SBIN,566.16,675.0
2025-06-20 10:08:47.0,SBIN,536.2,117.0
2025-06-20 10:08:48.0,SBIN,564.63,248.0
2025-06-20 10:08:49.0,SBIN,579.54,458.0
2025-06-20 10:08:50.0,SBIN,583.73,435.0
2025-06-20 10:08:51.0,SBIN,539.39,969.0
2025-06-20 10:08:52.0,SBIN,585.6,113.0
2025-06-20 10:08:53.0,SBIN,564.38,577.0
2025-06-20 10:08:54.0,SBIN,559.03,337.0
2025-06-20 10:08:55.0,SBIN,586.96,425.0
2025-06-20 10:08:56.0,SBIN,508.64,211.0
2025-06-20 10:08:57.0,SBIN,584.6,106.0
2025-06-20 10:08:58.0,SBIN,568.31,960.0
2025-06-20 10:08:59.0,SBIN,517.14,217.0
2025-06-20 10:09:00.0,SBIN,507.85,522.0
2025-06-20 10:09:01.0,SBIN,555.07,521.0
2025-06-20 10:09:02.0,SBIN,545.29,317.0
2025-06-20 10:09:03.0,SBIN,581.29,659.0
2025-06-20 10:09:04.0,SBIN,586.32,177.0
2025-06-20 10:09:05.0,SBIN,572.53,865.0
2025-06-20 10:09:06.0,SBIN,588.63,786.0
2025-06-20 10:09:07.0,SBIN,534.22,359.0
2025-06-20 10:09:08.0,SBIN,580.58,944.0
2025-06-20 10:09:09.0,SBIN,559.07,404.0
2025-06-20 10:09:10.0,SBIN,516.28,755.0
2025-06-20 10:09:11.0,SBIN,526.49,827.0
2025-06-20 10:09:12.0,SBIN,557.58,274.0
2025-06-20 10:09:13.0,SBIN,558.83,210.0
2025-06-20 10:09:14.0,SBIN,537.46,522.0
2025-06-20 10:09:15.0,SBIN,545.0,266.0
2025-06-20 10:09:16.0,SBIN,507.98,549.0
2025-06-20 10:09:17.0,SBIN,516.81,428.0
2025-06-20 10:09:18.0,SBIN,518.29,976.0
2025-06-20 10:09:19.0,SBIN,506.6,575.0
2025-06-20 10:09:20.0,SBIN,599.47,504.0
2025-06-20 10:09:21.0,SBIN,503.9,849.0
2025-06-20 10:09:22.0,SBIN,589.84,685.0
2025-06-20 10:09:23.0,SBIN,549.35,726.0
2025-06-20 10:09:24.0,SBIN,578.48,512.0
2025-06-20 10:09:25.0,SBIN,567.92,342.0
2025-06-20 10:09:26.0,SBIN,503.33,762.0
2025-06-20 10:09:27.0,SBIN,581.99,731.0
2025-06-20 10:09:28.0,SBIN,524.41,262.0
2025-06-20 10:09:29.0,SBIN,525.57,752.0
2025-06-20 10:09:30.0,SBIN,514.37,759.0
2025-06-20 10:09:31.0,SBIN,547.61,486.0
2025-06-20 10:09:32.0,SBIN,570.12,337.0
2025-06-20 10:09:33.0,SBIN,578.6,547.0
2025-06-20 10:09:34.0,SBIN,506.22,389.0
2025-06-20 10:09:35.0,SBIN,557.98,241.0
2025-06-20 10:09:36.0,SBIN,572.15,169.0
2025-06-20 10:09:37.0,SBIN,537.78,116.0
2025-06-20 10:09:38.0,SBIN,517.11,775.0
2025-06-20 10:09:39.0,SBIN,546.91,236.0
2025-06-20 10:09:40.0,SBIN,586.58,945.0
2025-06-20 10:09:41.0,SBIN,502.91,656.0
2025-06-20 10:09:42.0,SBIN,548.1,525.0
2025-06-20 10:09:43.0,SBIN,501.05,641.0
2025-06-20 10:09:44.0,SBIN,516.93,657.0
2025-06-20 10:09:45.0,SBIN,567.99,666.0
2025-06-20 10:09:46.0,SBIN,504.46,680.0
2025-06-20 10:09:47.0,SBIN,593.98,598.0
2025-06-20 10:09:48.0,SBIN,516.98,319.0
2025-06-20 10:09:49.0,SBIN,513.05,943.0
2025-06-20 10:09:50.0,SBIN,539.51,366.0
2025-06-20 10:09:51.0,SBIN,515.17,812.0
2025-06-20 10:09:52.0,SBIN,597.06,910.0
2025-06-20 10:09:53.0,SBIN,576.41,902.0
2025-06-20 10:09:54.0,SBIN,567.1,332.0
2025-06-20 10:09:55.0,SBIN,563.7,137.0
2025-06-20 10:09:56.0,SBIN,598.88,120.0
2025-06-20 10:09:57.0,SBIN,512.47,961.0
2025-06-20 10:09:58.0,SBIN,502.95,400.0
2025-06-20 10:09:59.0,SBIN,526.51,958.0
2025-06-20 10:10:00.0,SBIN,527.17,204.0
2025-06-20 10:10:01.0,SBIN,583.6,634.0
2025-06-20 10:10:02.0,SBIN,516.13,171.0
2025-06-20 10:10:03.0,SBIN,520.0,914.0
2025-06-20 10:10:04.0,SBIN,550.93,752.0
2025-06-20 10:10:05.0,SBIN,554.5,857.0
2025-06-20 10:10:06.0,SBIN,518.85,300.0
2025-06-20 10:10:07.0,SBIN,527.51,386.0
2025-06-20 10:10:08.0,SBIN,571.71,742.0
2025-06-20 10:10:09.0,SBIN,524.98,235.0
2025-06-20 10:10:10.0,SBIN,513.8,385.0
2025-06-20 10:10:11.0,SBIN,523.61,825.0
2025-06-20 10:10:12.0,SBIN,533.34,126.0
2025-06-20 10:10:13.0,SBIN,557.37,260.0
2025-06-20 10:10:14.0,SBIN,553.82,659.0
2025-06-20 10:10:15.0,SBIN,509.37,502.0
2025-06-20 10:10:16.0,SBIN,573.17,833.0
2025-06-20 10:10:17.0,SBIN,566.11,429.0
2025-06-20 10:10:18.0,SBIN,528.48,207.0
2025-06-20 10:10:19.0,SBIN,501.65,819.0
2025-06-20 10:10:20.0,SBIN,585.58,269.0
2025-06-20 10:10:21.0,SBIN,503.1,260.0
2025-06-20 10:10:22.0,SBIN,598.46,787.0
2025-06-20 10:10:23.0,SBIN,525.02,973.0
2025-06-20 10:10:24.0,SBIN,591.57,317.0
2025-06-20 10:10:25.0,SBIN,587.44,486.0
2025-06-20 10:10:26.0,SBIN,598.31,725.0
2025-06-20 10:10:27.0,SBIN,555.29,625.0
2025-06-20 10:10:28.0,SBIN,587.61,397.0
2025-06-20 10:10:29.0,SBIN,550.34,853.0
2025-06-20 10:10:30.0,SBIN,534.56,855.0
2025-06-20 10:10:31.0,SBIN,502.96,766.0
2025-06-20 10:10:32.0,SBIN,519.93,397.0
2025-06-20 10:10:33.0,SBIN,542.74,880.0
2025-06-20 10:10:34.0,SBIN,581.19,444.0
2025-06-20 10:10:35.0,SBIN,515.64,440.0
2025-06-20 10:10:36.0,SBIN,592.24,608.0
2025-06-20 10:10:37.0,SBIN,506.61,525.0
2025-06-20 10:10:38.0,SBIN,542.41,889.0
2025-06-20 10:10:39.0,SBIN,545.7,531.0
2025-06-20 10:10:40.0,SBIN,513.76,614.0
2025-06-20 10:10:41.0,SBIN,554.78,657.0
2025-06-20 10:10:42.0,SBIN,576.84,791.0
2025-06-20 10:10:43.0,SBIN,596.31,880.0
2025-06-20 10:10:44.0,SBIN,538.99,713.0
2025-06-20 10:10:45.0,SBIN,526.59,707.0
2025-06-20 10:10:46.0,SBIN,547.95,196.0
2025-06-20 10:10:47.0,SBIN,529.44,326.0
2025-06-20 10:10:48.0,SBIN,567.46,873.0
2025-06-20 10:10:49.0,SBIN,508.42,948.0
2025-06-20 10:10:50.0,SBIN,588.41,925.0
2025-06-20 10:10:51.0,SBIN,577.85,515.0
2025-06-20 10:10:52.0,SBIN,502.11,995.0
2025-06-20 10:10:53.0,SBIN,558.02,687.0
2025-06-20 10:10:54.0,SBIN,516.82,925.0
2025-06-20 10:10:55.0,SBIN,530.61,773.0
2025-06-20 10:10:56.0,SBIN,529.47,906.0
2025-06-20 10:10:57.0,SBIN,594.79,762.0
2025-06-20 10:10:58.0,SBIN,526.81,526.0
2025-06-20 10:10:59.0,SBIN,550.73,441.0
2025-06-20 10:11:00.0,SBIN,542.84,245.0
2025-06-20 10:11:01.0,SBIN,535.01,571.0
2025-06-20 10:11:02.0,SBIN,568.67,683.0
2025-06-20 10:11:03.0,SBIN,585.03,250.0
2025-06-20 10:11:04.0,SBIN,552.21,449.0
2025-06-20 10:11:05.0,SBIN,574.83,378.0
2025-06-20 10:11:06.0,SBIN,571.15,217.0
2025-06-20 10:11:07.0,SBIN,542.97,560.0
2025-06-20 10:11:08.0,SBIN,561.72,771.0
2025-06-20 10:11:09.0,SBIN,599.31,828.0
2025-06-20 10:11:10.0,SBIN,516.84,277.0
2025-06-20 10:11:11.0,SBIN,589.53,436.0
2025-06-20 10:11:12.0,SBIN,549.7,533.0
2025-06-20 10:11:13.0,SBIN,558.01,166.0
2025-06-20 10:11:14.0,SBIN,510.41,659.0
2025-06-20 10:11:15.0,SBIN,544.6,676.0
2025-06-20 10:11:16.0,SBIN,503.95,994.0
2025-06-20 10:11:17.0,SBIN,536.17,365.0
2025-06-20 10:11:18.0,SBIN,594.43,659.0
2025-06-20 10:11:19.0,SBIN,565.96,342.0
2025-06-20 10:11:20.0,SBIN,540.16,534.0
2025-06-20 10:11:21.0,SBIN,537.01,396.0
2025-06-20 10:11:22.0,SBIN,573.29,793.0
2025-06-20 10:11:23.0,SBIN,589.47,604.0
2025-06-20 10:11:24.0,SBIN,547.0,806.0
2025-06-20 10:11:25.0,SBIN,519.57,406.0
2025-06-20 10:11:26.0,SBIN,544.35,167.0
2025-06-20 10:11:27.0,SBIN,590.44,636.0
2025-06-20 10:11:28.0,SBIN,545.64,606.0
2025-06-20 10:11:29.0,SBIN,571.88,720.0
2025-06-20 10:11:30.0,SBIN,554.76,814.0
2025-06-20 10:11:31.0,SBIN,563.05,236.0
2025-06-20 10:11:32.0,SBIN,567.26,269.0
2025-06-20 10:11:33.0,SBIN,516.19,319.0
2025-06-20 10:11:34.0,SBIN,533.85,387.0
2025-06-20 10:11:35.0,SBIN,504.88,346.0
2025-06-20 10:11:36.0,SBIN,587.14,698.0
2025-06-20 10:11:37.0,SBIN,556.84,175.0
2025-06-20 10:11:38.0,SBIN,501.36,624.0
2025-06-20 10:11:39.0,SBIN,563.37,260.0
2025-06-20 10:11:40.0,SBIN,584.68,549.0
2025-06-20 10:11:41.0,SBIN,567.16,725.0
2025-06-20 10:11:42.0,SBIN,561.41,219.0
2025-06-20 10:11:43.0,SBIN,528.65,499.0
2025-06-20 10:11:44.0,SBIN,577.39,144.0
2025-06-20 10:11:45.0,SBIN,513.17,840.0
2025-06-20 10:11:46.0,SBIN,551.67,668.0
2025-06-20 10:11:47.0,SBIN,538.45,518.0
2025-06-20 10:11:48.0,SBIN,555.05,739.0
2025-06-20 10:11:49.0,SBIN,526.68,424.0
2025-06-20 10:11:50.0,SBIN,569.56,382.0
2025-06-20 10:11:51.0,SBIN,501.09,229.0
2025-06-20 10:11:52.0,SBIN,590.78,643.0
2025-06-20 10:11:53.0,SBIN,553.7,334.0
2025-06-20 10:11:54.0,SBIN,517.17,726.0
2025-06-20 10:11:55.0,SBIN,532.94,424.0
2025-06-20 10:11:56.0,SBIN,544.06,482.0
2025-06-20 10:11:57.0,SBIN,583.08,584.0
2025-06-20 10:11:58.0,SBIN,505.68,925.0
2025-06-20 10:11:59.0,SBIN,520.94,630.0
2025-06-20 10:12:00.0,SBIN,528.33,255.0
2025-06-20 10:12:01.0,SBIN,556.92,348.0
2025-06-20 10:12:02.0,SBIN,532.21,243.0
2025-06-20 10:12:03.0,SBIN,520.35,821.0
2025-06-20 10:12:04.0,SBIN,575.05,589.0
2025-06-20 10:12:05.0,SBIN,503.57,240.0
2025-06-20 10:12:06.0,SBIN,568.15,343.0
2025-06-20 10:12:07.0,SBIN,516.51,697.0
2025-06-20 10:12:08.0,SBIN,532.4,760.0
2025-06-20 10:12:09.0,SBIN,582.42,143.0
2025-06-20 10:12:10.0,SBIN,579.81,192.0
2025-06-20 10:12:11.0,SBIN,530.37,204.0
2025-06-20 10:12:12.0,SBIN,512.2,397.0
2025-06-20 10:12:13.0,SBIN,592.77,628.0
2025-06-20 10:12:14.0,SBIN,532.41,438.0
2025-06-20 10:12:15.0,SBIN,598.6,497.0
2025-06-20 10:12:16.0,SBIN,508.96,426.0
2025-06-20 10:12:17.0,SBIN,546.87,930.0
2025-06-20 10:12:18.0,SBIN,501.28,782.0
2025-06-20 10:12:19.0,SBIN,546.15,598.0
2025-06-20 10:12:20.0,SBIN,511.94,733.0
2025-06-20 10:12:21.0,SBIN,588.84,834.0
2025-06-20 10:12:22.0,SBIN,589.59,733.0
2025-06-20 10:12:23.0,SBIN,583.47,846.0
2025-06-20 10:12:24.0,SBIN,550.43,166.0
2025-06-20 10:12:25.0,SBIN,511.28,932.0
2025-06-20 10:12:26.0,SBIN,502.36,390.0
2025-06-20 10:12:27.0,SBIN,596.08,459.0
2025-06-20 10:12:28.0,SBIN,586.19,233.0
2025-06-20 10:12:29.0,SBIN,526.19,923.0
2025-06-20 10:12:30.0,SBIN,551.14,308.0
2025-06-20 10:12:31.0,SBIN,591.66,275.0
2025-06-20 10:12:32.0,SBIN,567.24,754.0
2025-06-20 10:12:33.0,SBIN,505.47,310.0
2025-06-20 10:12:34.0,SBIN,524.8,637.0
2025-06-20 10:12:35.0,SBIN,509.8,485.0
2025-06-20 10:12:36.0,SBIN,570.59,109.0
2025-06-20 10:12:37.0,SBIN,539.03,715.0
2025-06-20 10:12:38.0,SBIN,586.18,276.0
2025-06-20 10:12:39.0,SBIN,514.13,913.0
2025-06-20 10:12:40.0,SBIN,516.49,997.0
2025-06-20 10:12:41.0,SBIN,584.42,571.0
2025-06-20 10:12:42.0,SBIN,555.59,153.0
2025-06-20 10:12:43.0,SBIN,562.93,373.0
2025-06-20 10:12:44.0,SBIN,546.48,412.0
2025-06-20 10:12:45.0,SBIN,576.99,909.0
2025-06-20 10:12:46.0,SBIN,507.05,828.0
2025-06-20 10:12:47.0,SBIN,564.48,192.0
2025-06-20 10:12:48.0,SBIN,510.68,974.0
2025-06-20 10:12:49.0,SBIN,583.38,645.0
2025-06-20 10:12:50.0,SBIN,508.34,393.0
2025-06-20 10:12:51.0,SBIN,560.54,910.0
2025-06-20 10:12:52.0,SBIN,594.55,869.0
2025-06-20 10:12:53.0,SBIN,521.11,141.0
2025-06-20 10:12:54.0,SBIN,547.63,377.0
2025-06-20 10:12:55.0,SBIN,523.44,552.0
2025-06-20 10:12:56.0,SBIN,568.73,396.0
2025-06-20 10:12:57.0,SBIN,552.03,613.0
2025-06-20 10:12:58.0,SBIN,534.83,147.0
2025-06-20 10:12:59.0,SBIN,562.05,654.0
2025-06-20 10:13:00.0,SBIN,589.89,127.0
2025-06-20 10:13:01.0,SBIN,585.23,213.0
2025-06-20 10:13:02.0,SBIN,593.9,365.0
2025-06-20 10:13:03.0,SBIN,589.76,990.0
2025-06-20 10:13:04.0,SBIN,541.96,353.0
2025-06-20 10:13:05.0,SBIN,525.16,902.0
2025-06-20 10:13:06.0,SBIN,511.05,817.0
2025-06-20 10:13:07.0,SBIN,579.37,374.0
2025-06-20 10:13:08.0,SBIN,513.02,971.0
2025-06-20 10:13:09.0,SBIN,506.15,777.0
2025-06-20 10:13:10.0,SBIN,586.2,150.0
2025-06-20 10:13:11.0,SBIN,582.63,499.0
2025-06-20 10:13:12.0,SBIN,569.51,602.0
2025-06-20 10:13:13.0,SBIN,514.54,832.0
2025-06-20 10:13:14.0,SBIN,565.52,199.0
2025-06-20 10:13:15.0,SBIN,537.97,142.0
2025-06-20 10:13:16.0,SBIN,578.4,711.0
2025-06-20 10:13:17.0,SBIN,546.83,407.0
2025-06-20 10:13:18.0,SBIN,574.9,754.0
2025-06-20 10:13:19.0,SBIN,588.85,279.0
2025-06-20 10:13:20.0,SBIN,555.98,739.0
2025-06-20 10:13:21.0,SBIN,549.13,712.0
2025-06-20 10:13:22.0,SBIN,589.04,417.0
2025-06-20 10:13:23.0,SBIN,575.09,427.0
2025-06-20 10:13:24.0,SBIN,544.26,270.0
2025-06-20 10:13:25.0,SBIN,521.01,486.0
2025-06-20 10:13:26.0,SBIN,519.77,912.0
2025-06-20 10:13:27.0,SBIN,581.63,642.0
2025-06-20 10:13:28.0,SBIN,534.76,992.0
2025-06-20 10:13:29.0,SBIN,514.1,435.0
2025-06-20 10:13:30.0,SBIN,576.2,722.0
2025-06-20 10:13:31.0,SBIN,565.41,528.0
2025-06-20 10:13:32.0,SBIN,589.72,590.0
2025-06-20 10:13:33.0,SBIN,530.27,491.0
2025-06-20 10:13:34.0,SBIN,560.8,451.0
2025-06-20 10:13:35.0,SBIN,509.54,138.0
2025-06-20 10:13:36.0,SBIN,554.51,358.0
2025-06-20 10:13:37.0,SBIN,549.14,837.0
2025-06-20 10:13:38.0,SBIN,525.41,764.0
2025-06-20 10:13:39.0,SBIN,542.14,543.0
2025-06-20 10:13:40.0,SBIN,599.42,989.0
2025-06-20 10:13:41.0,SBIN,552.98,409.0
2025-06-20 10:13:42.0,SBIN,528.12,585.0
2025-06-20 10:13:43.0,SBIN,574.06,898.0
2025-06-20 10:13:44.0,SBIN,506.22,902.0
2025-06-20 10:13:45.0,SBIN,539.69,707.0
2025-06-20 10:13:46.0,SBIN,517.56,617.0
2025-06-20 10:13:47.0,SBIN,598.8,644.0
2025-06-20 10:13:48.0,SBIN,590.79,644.0
2025-06-20 10:13:49.0,SBIN,511.21,253.0
2025-06-20 10:13:50.0,SBIN,573.03,312.0
2025-06-20 10:13:51.0,SBIN,550.42,407.0
2025-06-20 10:13:52.0,SBIN,540.57,539.0
2025-06-20 10:13:53.0,SBIN,577.02,575.0
2025-06-20 10:13:54.0,SBIN,594.53,639.0
2025-06-20 10:13:55.0,SBIN,543.48,118.0
2025-06-20 10:13:56.0,SBIN,515.29,767.0
2025-06-20 10:13:57.0,SBIN,543.65,918.0
2025-06-20 10:13:58.0,SBIN,502.25,704.0
2025-06-20 10:13:59.0,SBIN,583.14,538.0
2025-06-20 10:14:00.0,SBIN,535.97,399.0
2025-06-20 10:14:01.0,SBIN,534.89,550.0
2025-06-20 10:14:02.0,SBIN,546.57,888.0
2025-06-20 10:14:03.0,SBIN,582.93,931.0
2025-06-20 10:14:04.0,SBIN,522.95,297.0
2025-06-20 10:14:05.0,SBIN,551.74,986.0
2025-06-20 10:14:06.0,SBIN,589.95,460.0
2025-06-20 10:14:07.0,SBIN,557.49,955.0
2025-06-20 10:14:08.0,SBIN,551.25,706.0
2025-06-20 10:14:09.0,SBIN,542.82,164.0
2025-06-20 10:14:10.0,SBIN,571.08,633.0
2025-06-20 10:14:11.0,SBIN,518.89,329.0
2025-06-20 10:14:12.0,SBIN,560.17,370.0
2025-06-20 10:14:13.0,SBIN,574.21,450.0
2025-06-20 10:14:14.0,SBIN,504.78,994.0
2025-06-20 10:14:15.0,SBIN,585.43,397.0
2025-06-20 10:14:16.0,SBIN,527.03,355.0
2025-06-20 10:14:17.0,SBIN,586.81,170.0
2025-06-20 10:14:18.0,SBIN,575.4,169.0
2025-06-20 10:14:19.0,SBIN,560.07,599.0
2025-06-20 10:14:20.0,SBIN,532.43,141.0
2025-06-20 10:14:21.0,SBIN,575.02,710.0
2025-06-20 10:14:22.0,SBIN,507.84,984.0
2025-06-20 10:14:23.0,SBIN,580.35,645.0
2025-06-20 10:14:24.0,SBIN,538.95,931.0
2025-06-20 10:14:25.0,SBIN,550.38,173.0
2025-06-20 10:14:26.0,SBIN,547.77,841.0
2025-06-20 10:14:27.0,SBIN,557.36,359.0
2025-06-20 10:14:28.0,SBIN,509.99,930.0
2025-06-20 10:14:29.0,SBIN,577.17,583.0
2025-06-20 10:14:30.0,SBIN,549.13,663.0
2025-06-20 10:14:31.0,SBIN,514.75,701.0
2025-06-20 10:14:32.0,SBIN,587.18,941.0
2025-06-20 10:14:33.0,SBIN,575.42,667.0
2025-06-20 10:14:34.0,SBIN,528.45,848.0
2025-06-20 10:14:35.0,SBIN,556.74,770.0
2025-06-20 10:14:36.0,SBIN,503.45,542.0
2025-06-20 10:14:37.0,SBIN,562.95,158.0
2025-06-20 10:14:38.0,SBIN,517.08,397.0
2025-06-20 10:14:39.0,SBIN,562.13,500.0
2025-06-20 10:14:40.0,SBIN,535.85,271.0
2025-06-20 10:14:41.0,SBIN,534.95,825.0
2025-06-20 10:14:42.0,SBIN,588.48,654.0
2025-06-20 10:14:43.0,SBIN,559.27,841.0
2025-06-20 10:14:44.0,SBIN,507.5,470.0
2025-06-20 10:14:45.0,SBIN,531.37,653.0
2025-06-20 10:14:46.0,SBIN,530.94,157.0
2025-06-20 10:14:47.0,SBIN,532.97,459.0
2025-06-20 10:14:48.0,SBIN,565.1,664.0
2025-06-20 10:14:49.0,SBIN,516.09,659.0
2025-06-20 10:14:50.0,SBIN,528.0,101.0
2025-06-20 10:14:51.0,SBIN,576.29,554.0
2025-06-20 10:14:52.0,SBIN,529.21,914.0
2025-06-20 10:14:53.0,SBIN,533.37,618.0
2025-06-20 10:14:54.0,SBIN,588.48,512.0
2025-06-20 10:14:55.0,SBIN,580.27,880.0
2025-06-20 10:14:56.0,SBIN,590.43,766.0
2025-06-20 10:14:57.0,SBIN,594.32,107.0
2025-06-20 10:14:58.0,SBIN,574.92,264.0
2025-06-20 10:14:59.0,SBIN,583.12,200.0
2025-06-20 10:15:00.0,SBIN,508.04,954.0
2025-06-20 10:15:01.0,SBIN,514.96,956.0
2025-06-20 10:15:02.0,SBIN,500.68,980.0
2025-06-20 10:15:03.0,SBIN,595.61,529.0
2025-06-20 10:15:04.0,SBIN,524.2,589.0
2025-06-20 10:15:05.0,SBIN,544.6,345.0
2025-06-20 10:15:06.0,SBIN,536.47,797.0
2025-06-20 10:15:07.0,SBIN,563.57,280.0
2025-06-20 10:15:08.0,SBIN,517.73,563.0
2025-06-20 10:15:09.0,SBIN,536.93,521.0
2025-06-20 10:15:10.0,SBIN,512.85,933.0
2025-06-20 10:15:11.0,SBIN,592.27,880.0
2025-06-20 10:15:12.0,SBIN,585.07,891.0
2025-06-20 10:15:13.0,SBIN,590.59,117.0
2025-06-20 10:15:14.0,SBIN,585.81,843.0
2025-06-20 10:15:15.0,SBIN,535.02,775.0
2025-06-20 10:15:16.0,SBIN,531.79,212.0
2025-06-20 10:15:17.0,SBIN,565.12,858.0
2025-06-20 10:15:18.0,SBIN,553.92,821.0
2025-06-20 10:15:19.0,SBIN,517.55,865.0
2025-06-20 10:15:20.0,SBIN,586.08,926.0
2025-06-20 10:15:21.0,SBIN,527.94,159.0
2025-06-20 10:15:22.0,SBIN,577.76,322.0
2025-06-20 10:15:23.0,SBIN,559.71,479.0
2025-06-20 10:15:24.0,SBIN,527.21,535.0
2025-06-20 10:15:25.0,SBIN,581.59,191.0
2025-06-20 10:15:26.0,SBIN,586.93,158.0
2025-06-20 10:15:27.0,SBIN,572.99,967.0
2025-06-20 10:15:28.0,SBIN,523.92,927.0
2025-06-20 10:15:29.0,SBIN,545.96,172.0
2025-06-20 10:15:30.0,SBIN,582.26,611.0
2025-06-20 10:15:31.0,SBIN,578.57,731.0
2025-06-20 10:15:32.0,SBIN,522.59,315.0
2025-06-20 10:15:33.0,SBIN,528.75,988.0
2025-06-20 10:15:34.0,SBIN,533.99,253.0
2025-06-20 10:15:35.0,SBIN,590.87,239.0
2025-06-20 10:15:36.0,SBIN,532.36,978.0
2025-06-20 10:15:37.0,SBIN,598.84,123.0
2025-06-20 10:15:38.0,SBIN,550.61,278.0
2025-06-20 10:15:39.0,SBIN,528.82,214.0
2025-06-20 10:15:40.0,SBIN,596.45,687.0
2025-06-20 10:15:41.0,SBIN,556.69,364.0
2025-06-20 10:15:42.0,SBIN,536.01,784.0
2025-06-20 10:15:43.0,SBIN,560.94,815.0
2025-06-20 10:15:44.0,SBIN,506.41,404.0
2025-06-20 10:15:45.0,SBIN,544.27,535.0
2025-06-20 10:15:46.0,SBIN,596.98,786.0
2025-06-20 10:15:47.0,SBIN,521.54,279.0
2025-06-20 10:15:48.0,SBIN,543.32,686.0
2025-06-20 10:15:49.0,SBIN,580.45,402.0
2025-06-20 10:15:50.0,SBIN,586.45,257.0
2025-06-20 10:15:51.0,SBIN,513.76,261.0
2025-06-20 10:15:52.0,SBIN,582.19,279.0
2025-06-20 10:15:53.0,SBIN,571.07,259.0
2025-06-20 10:15:54.0,SBIN,526.43,537.0
2025-06-20 10:15:55.0,SBIN,519.44,398.0
2025-06-20 10:15:56.0,SBIN,519.18,534.0
2025-06-20 10:15:57.0,SBIN,518.15,871.0
2025-06-20 10:15:58.0,SBIN,530.9,100.0
2025-06-20 10:15:59.0,SBIN,527.6,549.0
2025-06-20 10:16:00.0,SBIN,502.88,639.0
2025-06-20 10:16:01.0,SBIN,538.09,695.0
2025-06-20 10:16:02.0,SBIN,583.47,841.0
2025-06-20 10:16:03.0,SBIN,542.94,283.0
2025-06-20 10:16:04.0,SBIN,504.75,452.0
2025-06-20 10:16:05.0,SBIN,534.65,374.0
2025-06-20 10:16:06.0,SBIN,598.59,187.0
2025-06-20 10:16:07.0,SBIN,534.56,826.0
2025-06-20 10:16:08.0,SBIN,547.06,372.0
2025-06-20 10:16:09.0,SBIN,583.69,233.0
2025-06-20 10:16:10.0,SBIN,512.74,996.0
2025-06-20 10:16:11.0,SBIN,546.31,192.0
2025-06-20 10:16:12.0,SBIN,554.88,156.0
2025-06-20 10:16:13.0,SBIN,585.69,550.0
2025-06-20 10:16:14.0,SBIN,592.13,803.0
2025-06-20 10:16:15.0,SBIN,583.21,370.0
2025-06-20 10:16:16.0,SBIN,598.94,600.0
2025-06-20 10:16:17.0,SBIN,585.45,302.0
2025-06-20 10:16:18.0,SBIN,591.41,824.0
2025-06-20 10:16:19.0,SBIN,581.37,477.0
2025-06-20 10:16:20.0,SBIN,505.76,217.0
2025-06-20 10:16:21.0,SBIN,585.19,190.0
2025-06-20 10:16:22.0,SBIN,563.2,650.0
2025-06-20 10:16:23.0,SBIN,590.38,133.0
2025-06-20 10:16:24.0,SBIN,533.59,143.0
2025-06-20 10:16:25.0,SBIN,538.65,913.0
2025-06-20 10:16:26.0,SBIN,557.02,688.0
2025-06-20 10:16:27.0,SBIN,554.53,455.0
2025-06-20 10:16:28.0,SBIN,524.05,804.0
2025-06-20 10:16:29.0,SBIN,544.31,872.0
2025-06-20 10:16:30.0,SBIN,556.65,824.0
2025-06-20 10:16:31.0,SBIN,579.05,823.0
2025-06-20 10:16:32.0,SBIN,579.27,954.0
2025-06-20 10:16:33.0,SBIN,574.47,671.0
2025-06-20 10:16:34.0,SBIN,554.18,577.0
2025-06-20 10:16:35.0,SBIN,549.4,586.0
2025-06-20 10:16:36.0,SBIN,569.31,499.0
2025-06-20 10:16:37.0,SBIN,572.15,776.0
2025-06-20 10:16:38.0,SBIN,548.4,795.0
2025-06-20 10:16:39.0,SBIN,572.66,215.0
